3542 5059
217 179 282 244 132

217 370 300 456 gulis
331 370 513 436 nominibus
543 369 646 436 Andr.
669 371 685 434 Ι
709 371 737 454 1,
757 367 811 436 46.
831 369 889 454 58,
919 371 1002 436 Eun.
1025 373 1043 437 Ι
1069 371 1100 456 2,
1121 368 1207 457 873¹)
1237 371 1289 437 ΙΙΙ
1313 372 1342 455 1,
1359 372 1415 457 24,
1438 372 1514 438 'IIII
1536 373 1616 457 ’1,4,

218 475 351 542 Ad.111
373 475 475 560 2114,
507 475 574 540 llll
596 476 626 559 2,
646 475 703 558 42,
734 475 766 541 V
789 474 895 557 116,
924 475 1040 541 Hecl
1062 476 1092 559 2,
1108 477 1139 561 3,
1163 476 1302 562 denique
1324 477 1453 542 Phorm.
1468 477 1549 564 prol.
1566 477 1616 542 26.

218 580 275 663 28,
299 581 316 646 Ι
329 579 361 662 2,
375 579 456 667 723)
480 583 534 666 qui
553 579 615 644 loci
636 601 709 644 curn
729 582 775 644 eis
796 601 879 666 quae
895 582 928 644 in
942 581 1141 666 praefatione
1157 579 1200 645 ad
1214 580 1441 646 Phormionem
1455 605 1476 645 a
1490 582 1618 646 Donato

219 687 338 772 scripta
366 684 474 772 (14‚4
501 683 586 770 sqq.)
613 684 764 770 leguntur
791 692 859 749 arte
888 684 1072 749 cohaerent.
1123 683 1164 750 de
1190 684 1253 749 hac
1282 707 1317 750 re
1347 687 1412 751 iam
1438 686 1619 750 Varronem

220 791 422 875 quaestiones
444 790 618 854 instituisse
642 789 849 853 confirmatur
872 812 892 853 a
907 789 1020 854 Servio
1037 789 1155 874 Georg.
1173 791 1189 854 Ι
1213 788 1275 853 186
1295 788 1351 875 (ef.
1367 789 1482 855 Isidor.
1498 791 1567 855 XII
1589 790 1619 874 8,

221 891 323 980 17)3),
350 914 414 978 quo
440 892 510 956 loco
545 891 684 956 refertur
715 913 789 956 eum
812 891 1014 957 Curculionis
1042 915 1158 958 nomen
1181 915 1241 980 per
1263 893 1475 958 antistoiehon
1499 893 1620 959 dictum

219 1000 384 1084 putavisse
418 999 508 1083 quasi
539 995 773 1082 gurgulionem.
826 1019 865 1060 ae
895 995 1031 1061 fortasse
1061 1019 1189 1083 quoqne
1219 1018 1303 1082 quae
1334 997 1375 1062 de
1408 1021 1620 1084 personarum

220 1102 424 1188 quarundam
453 1101 685 1184 Plautinarum,
715 1101 805 1166 velut
831 1101 1065 1188 Misargyrides
1096 1112 1128 1167 et
1154 1101 1343 1186 Pseudolus,
1371 1102 1434 1168 Ad.
1457 1104 1473 1168 I
1498 1104 1565 1181 1,1
1590 1113 1622 1168 et

219 1206 356 1272 Andr.I
379 1207 409 1287 3,
425 1206 464 1268 21
490 1205 671 1270 nominibus
695 1205 846 1272 dicuntur
868 1207 909 1271 ad
926 1207 1107 1271 Varronem
1129 1207 1275 1272 redeunt.
1312 1208 1353 1272 de
1376 1209 1491 1272 ceteris
1514 1217 1621 1272 utrum

220 1310 262 1376 ad
277 1312 457 1377 Varronem
477 1335 518 1376 an
538 1311 581 1376 ad
601 1311 679 1376 alios
699 1311 885 1376 revocanda
905 1313 968 1376 sint
987 1334 1040 1376 res
1061 1311 1160 1377 dubia
1181 1322 1243 1395 est3
1266 1311 1326 1376 sed
1347 1312 1381 1376 id
1404 1321 1528 1377 certum
1550 1335 1622 1377 esse

219 1416 349 1482 videtur
370 1417 536 1480 Donatum
560 1415 642 1480 haec
665 1418 771 1480 omnia
794 1437 836 1480 ex
860 1419 1098 1480 commentariis
1120 1419 1260 1502 antiquis
1283 1419 1466 1502 sumpsisse.

323 1522 377 1585 Ex
397 1521 499 1586 tribus
520 1524 617 1606 igitur
638 1543 720 1606 quae
741 1520 836 1605 paulo
857 1530 932 1584 ante
952 1523 1213 1586 enumeravimus
1234 1521 1427 1586 scholiorum
1446 1522 1622 1606 generibus

220 1627 367 1692 ultimum
393 1629 426 1690 in
454 1626 539 1713 quod
567 1628 747 1711 inquiratur
774 1634 873 1690 restat
900 1625 1059 1711 simulque
1081 1629 1115 1689 in
1137 1626 1361 1690 adnotationes
1384 1627 1542 1712 quasdam
1566 1630 1624 1691 ori·

220 1735 311 1815 ticos,
334 1732 451 1818 quibus
475 1731 516 1796 de
539 1741 630 1796 textu
654 1753 696 1794 ex
718 1729 882 1794 codicibus
903 1730 1126 1795 constituendo
1147 1732 1261 1816 agitur.
1297 1735 1414 1796 etenim
1433 1742 1490 1797 aut
1508 1755 1624 1797 versus

221 1836 376 1922 quosdam
399 1838 511 1920 negari
533 1837 676 1900 Terentii
699 1857 769 1900 esse
793 1835 922 1919 dicitur,
953 1838 1073 1921 quippe
1101 1839 1155 1922 qui
1177 1839 1211 1900 in
1233 1836 1378 1922 pluribus
1399 1837 1493 1901 bonis
1516 1861 1625 1902 exem·

220 1940 363 2026 pleribus
396 1963 458 2006 non
493 1940 638 2005 ferantur
671 1939 789 2026 (Andr.
810 1941 842 2005 V
864 1940 895 2024 6,
919 1940 973 2026 14)
1006 1939 1060 2004 vel
1090 1963 1169 2027 quos
1200 1941 1300 2006 multa
1331 1943 1531 2028 exemplaria
1559 1965 1625 2007 non

221 2042 364 2111 habeant
379 2044 456 2132 (Ad.
473 2046 540 2111 ΙΙΙΙ
564 2046 594 2130 3,
614 2045 678 2132 10),
702 2055 759 2110 aut
773 2045 937 2129 lectiones,
962 2067 1043 2131 quas
1058 2047 1090 2110 in
1106 2048 1203 2128 veris,
1226 2047 1259 2109 in
1275 2046 1353 2129 aliis,
1377 2049 1409 2110 in
1430 2046 1625 2131 quibusdam

223 2148 388 2214 codicibus
412 2165 524 2215 extare
548 2160 707 2234 narratur,
730 2160 956 2237 proponuntur
978 2150 1034 2234 (ef.
1050 2151 1132 2215 Heo.
1150 2150 1218 2215 IIII
1239 2151 1271 2232 4,
1294 2151 1352 2234 43,
1382 2150 1519 2215 Andr.I
1541 2151 1625 2235 5,1;

221 2251 272 2318 IIl
294 2255 326 2339 4,
348 2254 404 2337 20,
437 2254 499 2319 Ad.
517 2256 585 2320 ΙΠΙ
607 2255 637 2340 5,
655 2255 722 2341 12),
745 2265 802 2321 aut
824 2255 975 2340 denique,
999 2255 1085 2340 quod
1108 2256 1144 2319 fit
1166 2257 1363 2340 saepissime,
1391 2258 1501 2320 variae
1525 2257 1625 2340 scrip-

221 2368 314 2423 turae
329 2360 438 2425 verbis
461 2353 589 2445 ‘legitur
610 2355 651 2424 et'
673 2360 726 2425 vel
747 2353 789 2425 ‘et
804 2356 932 2446 legitur’
954 2359 1088 2425 adiectis
1105 2370 1403 2444 commemorantur,
1426 2383 1500 2424 raro
1516 2370 1626 2424 autem

223 2487 281 2528 eur
310 2464 404 2529 lectio
436 2465 596 2550 quaedam
625 2465 842 2550 praeferenda
872 2467 912 2530 sit
943 2468 1125 2551 expositum
1155 2465 1256 2530 habes
1287 2465 1341 2550 (cf.
1359 2464 1496 2531 Andr.l
1518 2466 1549 2550 2,
1566 2465 1624 2550 34,

222 2567 286 2634 Ad.
304 2569 335 2633 V
354 2570 384 2654 3,
400 2568 457 2652 49,
480 2570 642 2634 Phorm.l
666 2571 696 2654 3,
713 2569 810 2657 22).)
845 2569 960 2634 horum
982 2570 1175 2635 scholiorum
1199 2571 1285 2634 color
1307 2581 1339 2635 et
1362 2571 1451 2634 stilus
1474 2572 1518 2634 ita
1541 2592 1625 2634 com·

223 2674 327 2760 parati
344 2682 426 2754 sunt,
450 2683 485 2738 ut
500 2673 696 2760 temporibus
713 2675 833 2740 Donati
849 2684 955 2738 aetate
971 2674 1205 2739 recentioribus
1220 2677 1340 2760 scripta
1356 2697 1427 2738 esse
1442 2674 1624 2739 videantur.

222 2778 380 2843 habemus
413 2781 510 2864 igitur
544 2789 674 2864 praeter
708 2779 827 2844 scholia
862 2780 1022 2844 rhetorica
1051 2803 1094 2844 ex
1124 2778 1302 2865 Eugraphii
1333 2781 1562 2843 commentario
1591 2781 1626 2842 in

223 2905 341 2969 corpus
357 2884 577 2949 Donatianum
600 2884 756 2949 translata
779 2885 841 2950 alia
864 2907 992 2971 quoque
1016 2896 1106 2950 certa
1129 2883 1322 2948 documenta
1345 2884 1461 2970 quibus
1485 2905 1627 2968 compro-

223 2988 320 3053 batur
348 3011 465 3075 corpus
492 2989 571 3054 illud
598 2999 710 3074 postea
737 3000 867 3054 auctum
892 2999 923 3053 et
945 2989 1176 3074 amplificatum
1199 3011 1279 3053 esse.
1324 2991 1389 3052 iam
1412 3011 1491 3052 vero
1513 2998 1626 3052 notum

225 3102 273 3157 est
299 3095 332 3158 in
360 3094 487 3158 scholiis
515 3095 710 3180 Vergilianis
739 3117 822 3181 quae
851 3093 911 3158 sub
941 3094 1044 3158 Servii
1071 3096 1199 3158 nomine
1230 3095 1378 3158 feruntur
1407 3103 1439 3158 et
1467 3095 1627 3157 nominari

224 3219 322 3283 saepe
345 3199 507 3264 Donatum
535 3202 668 3286 eiusque
695 3200 918 3264 adnotationes
946 3197 1151 3284 compilari.⁶)
1196 3199 1295 3263 veluti
1323 3198 1408 3284 quod
1436 3197 1478 3261 ad
1506 3208 1628 3284 etymo·

224 3303 325 3387 logias
352 3303 485 3387 adtinet,
512 3304 570 3368 has
599 3327 682 3390 quae
710 3305 796 3370 nullo
819 3304 881 3368 alio
905 3304 974 3368 loco
998 3313 1289 3368 commemorantur
1311 3313 1343 3367 et
1366 3302 1454 3388 apud
1478 3302 1628 3367 Servium

225 3417 257 3472 et
279 3408 367 3494 apud
389 3409 554 3474 Donatum
577 3411 720 3495 repperi:
752 3411 815 3474 frui
838 3408 991 3495 (fructus)
1016 3408 1182 3472 derivatur
1203 3431 1223 3472 a
1245 3407 1383 3471 frumine
1406 3408 1488 3471 Eun.
1505 3407 1573 3471 IIII
1597 3406 1628 3490 ’1,

225 3512 283 3596 46,
308 3512 371 3578 Ad.
389 3514 420 3578 V
436 3513 466 3597 8,
483 3515 539 3598 27,
562 3515 692 3579 Phorm.
709 3515 743 3579 ΙΙ
765 3514 854 3599 2,18
879 3523 911 3578 et
926 3514 1018 3580 Serv.
1036 3513 1151 3578 Aenl
1177 3512 1252 3594 118,
1276 3511 1445 3596 scrupulus
1468 3534 1487 3574 a
1510 3534 1629 3597 scrupe

224 3617 332 3704 lapide
349 3615 450 3683 Andr.
465 3619 496 3682 V
511 3620 542 3701 4,
558 3619 598 3682 31
624 3629 656 3682 et
672 3619 763 3684 Serv.
779 3620 862 3684 Aen.
877 3619 925 3684 Vl
945 3617 1023 3702 238,
1047 3641 1130 3681 uxor
1149 3617 1191 3680 ab
1208 3617 1383 3703 unguendo
1399 3617 1481 3681 Hec.
1498 3617 1515 3681 Ι
1537 3616 1568 3700 2,
1584 3615 1627 3679 60

227 3733 259 3787 et
281 3723 372 3788 Serv.
389 3723 472 3788 Aen.
489 3723 557 3787 ΙΙΙΙ
578 3723 652 3787 458.
700 3723 758 3788 sed
786 3723 901 3788 eodem
924 3722 1020 3786 modo
1044 3731 1169 3786 constat
1191 3721 1311 3785 scholia
1335 3721 1492 3784 Seruiana
1515 3720 1628 3784 brevia

227 3849 304 3892 sane
320 3837 352 3891 et
367 3828 473 3892 ieiuna
489 3830 623 3913 septimo
639 3828 707 3893 fere
733 3827 861 3892 saeculo
881 3827 984 3892 doctis
1000 3826 1228 3892 additamentis
1249 3834 1344 3889 aucta
1367 3824 1476 3911 essess)
1511 3823 1628 3910 quibus

227 3945 435 3960 ,πμ-...η-

332 3984 352 4052 ¹)
371 3987 443 4036 hunc
461 3986 549 4040 locum
568 3987 722 4038 emendavit
740 3986 885 4038 Sahbadini
904 3985 931 4036 II
950 4003 975 4050 p.
990 3987 1030 4035 95.

330 4071 352 4139 ²)
371 4073 508 4124 simillima
527 4075 625 4124 codicis
643 4075 768 4125 Bembini
786 4073 887 4124 scholia
910 4075 938 4123 in
957 4075 1091 4138 integrum
1109 4073 1225 4122 restituit
1243 4072 1274 4122 G.
1293 4067 1458 4120 Studemnnd
1476 4070 1545 4119 Ann.
1563 4067 1629 4134 phil.

228 4160 325 4211 CXXV
345 4163 378 4211 58
391 4178 429 4227 sq.

329 4245 352 4313 ³)
371 4249 404 4298 of.
423 4249 600 4316 fragmentum
622 4251 669 4299 112
689 4249 807 4299 incertae
825 4247 895 4298 sodis
914 4247 986 4313 apud
1004 4247 1202 4296 Wilmansium.

330 4333 354 4401 ⁴)
373 4335 405 4386 cf.
425 4336 612 4402 Umpfenbach
630 4339 659 4386 in
677 4336 842 4401 praefatione
860 4353 885 4400 p.
899 4335 1002 4384 XXXX
1020 4344 1047 4384 et
1064 4333 1203 4382 XXXXII.

331 4419 353 4489 ⁶)
373 4422 405 4472 of.
426 4423 550 4474 editionis
577 4441 593 4474 a
615 4425 731 4474 Thilone
758 4428 785 4472 et
806 4423 920 4488 Hageno
948 4426 1056 4472 curatae
1078 4421 1131 4471 vol.
1149 4421 1170 4481 1,
1193 4420 1256 4469 fasc.
1274 4419 1310 4480 11,
1332 4417 1415 4484 praef.
1433 4417 1586 4483 p.XXIsq.
1604 4422 1631 4466 et

227 4509 327 4562 LXXV
339 4527 396 4577 sqq.
416 4516 442 4561 et
459 4511 638 4563 Ltmmsrhtrt
655 4529 680 4578 p.
694 4513 744 4561 326
757 4527 795 4576 sq.

333 4597 355 4664 8)
374 4599 506 4651 ct-'Philo
525 4605 552 4650 et
569 4600 666 4665 Hagen
684 4599 768 4664 praef.
786 4616 813 4665 p.
826 4599 850 4649 V
863 4614 920 4663 sqq.
938 4602 966 4648 et
983 4596 1086 4647 LXVII
1098 4611 1146 4660 sq,
1173 4596 1219 4660 qni
1246 4595 1275 4644 in
1301 4592 1418 4643 editione
1444 4593 1512 4644 talia
1537 4592 1631 4644 litteris

228 4685 365 4736 inclinatis
383 4686 493 4751 inprimi
510 4687 651 4736 iusserunt.
