3542 5059
1546 172 1588 237 89

186 374 275 429 10100
291 363 376 428 adde
391 364 498 428 locum
513 364 648 448 ΑΙ.463,
665 386 728 450 quo
742 365 978 441 luctevensis,
995 363 1082 450 quod
1098 368 1135 428 ΙΙ
1150 363 1283 429 exhibet
1297 373 1394 450 atque
1410 364 1449 429 0.
1459 364 1589 430 Schnei-

186 469 246 534 der
256 470 388 554 recepit,
404 478 535 554 propter
549 491 719 534 numerum
730 468 887 554 pluralem
902 470 979 535 satis
995 471 1110 534 mirum
1121 469 1263 554 videtnr3
1279 491 1385 555 neque
1396 491 1474 536 vero
1489 470 1590 534 infini-

186 576 270 640 tivus
284 574 540 658 1παιονάασθαι,
563 596 658 659 quem
673 573 788 660 reliqui
803 572 876 639 libri
891 574 1033 659 tradunt,
1053 583 1184 660 propter
1198 582 1337 639 metrum
1351 575 1456 661 accipi
1470 582 1589 659 potest3

187 682 219 744 in
235 678 354 743 Aldina
375 679 597 745 ἐπαιονάασσο
620 681 774 765 scriptum
797 688 846 745 est
868 688 942 745 ante
959 678 998 744 Ο.
1015 677 1205 745 Schneideri
1227 678 1399 745 editionem
1414 678 1590 764 vulgatum,

188 784 333 870 Scaliger
355 792 462 848 autem
484 783 696 849 ἑπαιονάσαιο
719 786 893 870 proposuit,
917 804 1000 869 quae
1023 784 1207 848 coniectura
1233 783 1310 847 mihi
1337 781 1468 869 quidem
1495 804 1591 869 quam

188 890 329 953 maxime
352 887 486 970 arridet3
516 872 660 953 ceterum
687 888 834 953 conferas
862 910 982 973 quaeso
1006 910 1045 952 ea
1071 908 1153 973 quae
1177 888 1202 953 l.
1221 888 1262 954 G.
1278 886 1459 953 Schneider
1480 910 1511 973 p.
1527 885 1591 950 226

189 993 374 1079 disputavit.
399 1002 510 1057 contra
532 994 637 1057 minus
660 992 847 1079 frequentes
867 1001 941 1057 sunt
955 992 1018 1056 loci
1032 991 1113 1079 (VII
1127 991 1235 1077 Ther,
1257 992 1359 1057 ΧΙΠΙ
1372 991 1451 1078 Al),
1475 990 1592 1078 quibus

187 1100 370 1183 imperativi
408 1098 535 1183 generis
569 1099 668 1162 activi
699 1098 853 1183 temporis
886 1098 1065 1182 praesentis
1098 1097 1132 1161 in
1165 1121 1205 1161 -e
1239 1106 1396 1162 exeuntes
1429 1096 1591 1183 leguntur,

189 1204 244 1290 qui
266 1201 361 1268 modo
383 1224 514 1268 versum
535 1200 701 1267 incohent:
736 1201 832 1267 Ther.
848 1199 924 1284 478,
947 1200 1022 1285 539,
1046 1200 1123 1285 603,
1148 1200 1226 1286 696,
1250 1201 1301 1266 ΑΙ.
1322 1201 1397 1285 140,
1419 1201 1495 1286 461,
1517 1200 1591 1285 565,

190 1308 284 1375 modo
308 1317 383 1372 ante
407 1329 575 1372 caesuram
597 1300 794 1371 trochaicam
816 1307 1038 1371 inveniuntur:
1083 1304 1180 1371 Ther.
1197 1305 1249 1389 97,
1277 1305 1351 1384 618,
1374 1305 1426 1372 ΑΙ.
1442 1305 1494 1391 94,
1518 1304 1593 1390 516,

190 1412 252 1478 531
277 1411 408 1500 (quibus
430 1412 508 1477 locis
531 1412 653 1476 formae
675 1409 854 1496 bisyllabae
879 1410 1016 1498 extant),
1039 1410 1091 1475 ΑΙ.
1107 1410 1187 1495 461,
1209 1409 1274 1475 593
1301 1409 1432 1497 (quibus
1454 1410 1593 1497 plurium

189 1517 387 1606 syllabarum
402 1518 583 1603 imperativi
598 1518 826 1602 reperiuntur),
849 1514 945 1581 modo
960 1513 1040 1580 alios
1054 1537 1168 1580 versus
1187 1516 1274 1581 locos
1297 1524 1469 1601 occupant:
1493 1514 1591 1580 Ther.

190 1623 264 1708 474,
288 1621 341 1687 ΑΙ.
358 1621 431 1704 206,
456 1621 529 1705 327,
553 1619 725 1705 366,,399,
748 1620 823 1705 515,
847 1619 921 1686 601.
966 1620 1015 1685 his
1038 1620 1200 1685 accedunt
1220 1621 1282 1686 loci
1305 1620 1403 1686 Ther.
1419 1620 1493 1705 534,
1516 1619 1592 1704 594,

190 1728 264 1811 630,
289 1726 362 1810 685,
387 1726 450 1791 879
473 1724 543 1813 (qui
557 1748 670 1791 versus
691 1725 732 1791 ab
752 1728 943 1811 imperativo
958 1726 1047 1811 ἄγρει
1066 1725 1247 1812 incipiunt),
1270 1722 1592 1812 Τ1101.577(11901),

190 1832 242 1897 ΑΙ.
258 1830 322 1897 328
339 1829 471 1919 (abach
493 1852 588 1917 porro
604 1832 810 1916 imperativos
827 1832 935 1896 acristi
950 1832 1079 1917 generis
1102 1832 1200 1897 activi
1222 1832 1256 1894 in
1277 1851 1353 1895 -σον
1376 1828 1592 1915 desinentes)

191 1960 255 2001 non
277 1936 349 2023 plus
373 1936 453 2001 duos
475 1937 585 2000 111011
607 1936 705 2001 Ther.
730 1935 793 2001 693
821 1934 970 2024 (eriperer)
994 1943 1026 2000 et
1047 1934 1109 2000 901
1134 1934 1346 2023 (ὑπάμησον);
1377 1934 1516 2021 denique
1538 1936 1593 1998 im-

192 2043 355 2129 perativus
385 2038 531 2122 δείδιχθι
560 2048 651 2106 extat
671 2039 724 2106 ΑΙ.
748 2040 813 2105 443
843 2050 918 2105 0110
946 2040 1348 2124 caesuramtrochaicam,
1371 2039 1412 2104 de
1436 2062 1498 2126 quo
1522 2060 1593 2103 001-

192 2148 279 2212 feras
303 2144 341 2211 Ο.
359 2144 549 2211 Schneideri
572 2145 648 2211 adn.
665 2144 707 2210 ad
730 2144 761 2211 h.
778 2168 810 2210 v.
830 2157 833 2165 '

296 2252 410 2315 Restat
430 2258 466 2315 ut
489 2249 530 2315 de
556 2251 734 2334 infinitivis,
764 2252 819 2336 qui
845 2251 1108 2335 imperativcrum
1134 2251 1207 2313 vice
1233 2250 1327 2335 positi
1349 2247 1467 2334 sunt,²)
1489 2269 1595 2334 pauca

194 2356 342 2421 adiciam.
368 2356 458 2420 cuius
481 2356 609 2440 generis
631 2354 693 2419 loci
715 2356 749 2419 in
771 2354 869 2419 Ther.
886 2354 1031 2437 XXXV,
1053 2356 1086 2417 in
1108 2353 1160 2418 ΑΙ.
1177 2352 1245 2417 IIII
1268 2354 1516 2437 conspiciuntur.
1555 2373 1595 2416 ac

194 2460 289 2546 longe
312 2460 455 2545 plurimis
479 2458 592 2545 (XVII
614 2458 723 2537 Ther,
745 2459 779 2523 Π
801 2458 869 2545 ΑΙ.)
892 2460 1040 2523 infinitivi
1063 2460 1241 2544 praesentis
1260 2457 1312 2523 vel
1335 2458 1444 2523 aoristi
1466 2458 1595 2542 generis

194 2566 292 2631 activi
314 2566 347 2629 in
368 2588 440 2629 -οιν
463 2563 646 2629 desinentes
667 2565 883 2628 inveniuntur.
908 2566 963 2649 qui
977 2562 1040 2628 loci
1054 2562 1246 2649 plerumque
1258 2565 1306 2627 ita
1321 2563 1496 2648 comparati
1511 2570 1595 2644 sunt,

194 2679 230 2736 ut
262 2670 437 2734 infinitivus
466 2677 619 2755 sequatur
646 2691 815 2733 caesuram
841 2668 1039 2733 trochaicam
1066 2666 1120 2732 vel
1145 2668 1419 2753 semiquinariam,
1449 2666 1597 2730 infinitivi

113 2850 116 2855 ¹
194 2797 271 2840 vero
294 2773 447 2860 bisyllabi
469 2772 669 2859 trisyllabive
693 2775 767 2838 sint:
791 2780 878 2838 πιεῖν
901 2771 1014 2859 (Ther.
1031 2770 1245 2858 56201665),
1267 2769 1373 2837 πιέειν
1395 2770 1505 2857 (Ther.
1521 2768 1596 2853 507,

195 2878 268 2963 527,
286 2878 363 2958 713;
387 2878 426 2942 cf.
445 2881 475 2943 Δ
487 2875 575 2964 263),
599 2877 709 2959 χαδεῖν
731 2876 841 2963 (Ther.
859 2876 923 2942 956
940 2887 972 2942 01
987 2875 1038 2943 ΑΙ.
1055 2875 1122 2963 58),
1145 2874 1229 2957 χέειν
1251 2875 1363 2962 (Ther.
1382 2874 1469 2963 105),
1491 2874 1598 2940 λιπεῖν

196 2983 306 3069 (Ther.
324 2982 411 3071 625),
435 2980 542 3069 φέρειν
565 2981 676 3068 (Ther.
694 2979 782 3068 684),
805 2979 935 3068 πορέειν
958 2981 1023 3070 (ΑΙ.
1040 2980 1129 3068 350).
1174 2980 1260 3046 adde
1287 2980 1392 3045 locum
1419 2979 1517 3044 Ther.
1533 2977 1599 3041 944

197 3086 446 3177 (κατακνήθειν).
470 3109 711 3173 nonnumquam
733 3095 843 3152 autem
865 3088 898 3151 id
922 3109 1025 3172 genus
1047 3087 1212 3151 infinitivis
1227 3107 1340 3150 versus
1364 3082 1600 3149 concluduntur

197 3192 309 3280 (Ther.
327 3191 400 3277 109,
423 3191 496 3273 572,
521 3192 595 3276 643,
619 3191 696 3278 667)
720 3200 776 3257 aut
798 3191 990 3257 incohantur
1013 3191 1126 3279 (Ther.
1143 3190 1195 3273 95,
1218 3190 1293 3274 590,
1317 3187 1406 3277 918).
1451 3189 1599 3253 infinitivi

196 3320 274 3363 vero
296 3299 425 3383 generis
447 3296 546 3361 medii
572 3299 605 3361 in
628 3301 753 3363 -εσθαι
780 3306 937 3362 exeuntes
960 3334 1002 3343 -
1030 3304 1179 3383 quattuor
1205 3304 1279 3359 sunt
1301 3316 1435 3359 numero
1457 3332 1501 3341 -·
1523 3295 1599 3358 item

196 3403 339 3468 ultimam
362 3424 475 3467 versus
498 3400 609 3467 sedem
632 3411 805 3488 occupant:
834 3399 973 3468 ἑλέσθαι
1001 3400 1111 3487 (Ther.
1128 3399 1202 3483 500,
1225 3398 1299 3481 526,
1324 3397 1413 3485 604),
1435 3395 1601 3481 βαλέσθαι

199 3507 308 3592 (Ther.
318 3505 406 3587 947).
429 3528 524 3592 porro
539 3508 688 3572 infinitivi
704 3508 813 3572 0011011
829 3508 927 3572 activi
942 3506 1064 3570 formae
1077 3508 1109 3569 in
1121 3529 1172 3570 -αι
1185 3504 1338 3569 cadentes
1351 3502 1489 3590 (quasin
1501 3501 1600 3567 Ther.

198 3614 318 3695 novies,
341 3614 375 3676 in
397 3610 514 3677 Albis
537 3609 732 3697 invenimus)
760 3611 854 3676 modo
882 3613 915 3675 in
938 3632 1036 3675 versu
1063 3611 1193 3675 ineunte
1216 3607 1326 3695 (Ther.
1344 3607 1401 3692 96,
1424 3606 1502 3689 952,
1526 3605 1601 3691 676,

199 3717 249 3782 ΑΙ.
267 3716 340 3801 305,
364 3716 443 3801 331;
465 3716 568 3781 trihus
591 3717 668 3782 locis
691 3716 808 3782 ultimis
831 3714 910 3781 ἆσαι
932 3720 1034 3800 extat)
1057 3713 1152 3780 modo
1175 3716 1207 3778 in
1231 3724 1372 3779 exeunte
1394 3714 1602 3778 inveniuntur

200 3822 308 3909 (Ther.
332 3822 410 3904 693,
441 3822 519 3906 705,
550 3820 643 3908 927),
670 3820 766 3887 modo
794 3832 867 3886 ante
892 3842 1060 3886 caesuram
1083 3818 1195 3905 (Ther.
1213 3818 1287 3902 708,
1310 3817 1390 3905 913)
1412 3817 1507 3883 modo
1529 3826 1602 3904 post

200 3950 269 3991 eam
302 3926 411 4014 (Ther.
428 3926 516 4013 560).
561 3926 722 3992 accedunt
751 3925 848 3991 Ther.
876 3925 941 3990 loci
971 3927 1127 4012 quinque,
1162 3923 1279 4011 quibus
1313 3925 1461 3989 infinitivi
1493 3924 1602 3987 0011011

199 4031 343 4098 medialis
366 4034 398 4096 in
421 4036 544 4098 -ασθαι
566 4031 749 4097 desinentes
771 4030 922 4117 leguntur
949 4029 1037 4117 (121,
1062 4029 1134 4114 706,
1162 4028 1280 4094 93211
1308 4050 1422 4093 versus
1448 4026 1601 4111 clausula,

200 4136 262 4201 498
286 4140 318 4202 11
341 4139 444 4223 primo
466 4159 578 4222 versu,
605 4136 670 4202 564
698 4146 773 4203 ante
797 4158 967 4201 caesuram
988 4133 1209 4219 trochaicam).
1255 4133 1297 4199 ab
1319 4132 1602 4220 Alexipharmacis

304 4312 323 4380 ¹)
343 4319 435 4364 contra
457 4314 609 4379 imperativi
632 4314 724 4363 aoristi
746 4313 853 4378 generis
872 4311 953 4363 medii
972 4310 1012 4378 (in
1030 4324 1097 4362 -σαι
1114 4308 1278 4376 (1001101100)
1297 4326 1313 4361 0
1332 4308 1461 4361 Nicandri
1479 4308 1603 4360 carmini·

200 4404 258 4467 bus,
277 4401 310 4451 de
328 4402 424 4466 quibus
442 4400 600 4467 disputatur,
618 4417 724 4467 prorsus
743 4400 848 4451 absunt.

304 4485 326 4556 ²)
344 4487 407 4539 vide
425 4503 494 4553 quae
512 4488 544 4538 de
562 4487 612 4539 hac
630 4503 659 4538 re
677 4488 800 4553 exposuit
817 4487 915 4539 Hoehn
932 4488 962 4538 in
980 4486 1073 4538 libello
1091 4486 1138 4551 qui
1155 4485 1309 4536 inscribitur
1327 4481 1368 4536 ‘de
1386 4483 1514 4534 infinitivi
1531 4482 1604 4549 apud

201 4576 316 4627 Graecos
335 4575 462 4626 classicae
480 4577 576 4627 aetatis
594 4580 685 4641 poetas
704 4591 754 4626 usu
772 4592 820 4642 pro
839 4572 1007 4642 imperativo'
1025 4574 1205 4626 Vratislaviae
1223 4588 1247 4623 a.
1262 4574 1328 4623 1867
1347 4573 1375 4623 11
1392 4572 1481 4623 lucem
1499 4572 1605 4636 emisso,

201 4664 249 4714 hos
267 4662 413 4715 111111111οο
430 4663 526 4715 Aratus
545 4679 650 4729 quoque
669 4664 775 4729 saepius
794 4663 925 4725 adhibuit,
944 4664 977 4713 cf.
996 4664 1112 4728 Witting
1129 4679 1155 4728 p.
1168 4663 1211 4711 00.
