3542 5059
1568 148 1611 213 79

206 338 301 404 modo
316 360 424 423 66166
441 340 595 424 positum:
619 337 716 402 Ther.
733 337 797 401 210
820 335 934 422 (τοῖον,
952 337 993 401 61.
1010 335 1048 401 Ο.
1067 337 1256 402 Schneideri
1272 337 1363 424 adn.)
1388 338 1499 403 61429
1522 339 1611 426 (τοῖα

206 444 236 508 h.
253 443 273 509 l.
290 444 438 508 adverbii
454 442 549 507 modo
566 441 758 527 adhibitum)
780 442 897 525 legitur
912 463 1017 526 neque
1033 442 1105 528 plus
1120 465 1184 507 uno
1199 442 1269 507 loco
1285 443 1410 521 σσιόςδε
1433 445 1608 509 invenitur:

206 547 304 613 Ther.
318 548 360 611 99
377 546 495 633 (θρόνα
510 546 676 633 τοιάδε).1)
721 545 806 610 adde
822 546 919 611 Ther.
934 545 999 609 570
1018 548 1135 612 τόσσον
1154 544 1349 629 ἒπιστείβων
1371 600 1377 611 .
1396 599 1402 611 .
1420 599 1438 628 .,
1460 549 1610 614 ὁσσάτιόν

206 676 268 739 περ
283 654 285 739 l
299 651 473 737 ἐκνὲμεσαι.
511 654 543 715 16
556 650 608 716 ΑΙ.
621 660 729 715 autem
745 672 806 714 nec
818 657 908 729 τοῖος
922 673 983 715 nec
998 651 1094 729 τόσος
1108 654 1242 737 16661111
1258 674 1335 715 sane
1351 662 1461 717 notatu
1477 653 1609 738 dignum

207 766 264 822 est.
310 740 489 844 pronomen
511 757 607 835 αὐτός
628 755 773 841 plurimis
795 754 882 839 loeis,
912 757 993 820 sicut
1014 761 1118 834 κεῖνος
1140 754 1195 841 (ef.
1215 778 1247 841 p.
1265 756 1303 819 77
1321 756 1395 822 adn.
1414 756 1458 843 2),
1488 759 1531 822 ita
1554 758 1609 822 ad·

208 830 348 945 hibetur,
371 871 407 926 ut
429 860 576 945 verbum,
601 862 653 924 cui
675 860 708 923 id
732 859 872 943 additur,
897 869 1062 945 prematur
1084 871 1181 945 atque
1204 861 1400 948 efferatur.²)
1445 864 1536 926 cuius
1557 884 1609 948 ge-

206 969 292 1032 neris
314 966 392 1031 locis
415 971 511 1045 αὐτὸς
532 965 627 1030 modo
650 966 682 1028 in
704 987 802 1029 versu
825 973 970 1028 extremo
994 963 1104 1050 (Ther.
1122 963 1194 1049 879,
1218 965 1270 1029 Al.
1287 966 1361 1049 405,
1378 965 1455 1052 427)
1478 966 1605 1050 legitur,

204 1070 300 1136 modo
323 1094 387 1135 una
411 1071 520 1156 cumi}
541 1071 718 1155 praemisso
742 1092 873 1133 versum
896 1068 1026 1133 incohat
1041 1068 1152 1155 (Ther.
1169 1070 1243 1153 623,
1267 1069 1340 1154 854,
1364 1070 1415 1135 Al.
1432 1072 1519 1155 516).
1550 1095 1609 1157 per

205 1198 239 1241 se
263 1184 371 1240 autem
393 1177 532 1261 positum
554 1174 656 1239 habes
679 1173 776 1239 Ther.
794 1173 858 1237 910
880 1179 937 1237 σὺν
961 1174 995 1239 δὲ
1018 1172 1074 1238 καὶ
1095 1178 1204 1253 αὐτοῖς
1222 1174 1227 1259 1
1247 1175 1382 1260 ἄννησον
1397 1179 1549 1257 Λιβσκάς
1569 1200 1605 1240 τε

205 1331 212 1347 .
232 1331 238 1343 .
257 1332 263 1344 .
287 1281 455 1360 ἐνικνήθεο
475 1277 572 1365 ῥίζας,
596 1278 647 1343 Al.
668 1278 729 1341 124
744 1276 837 1343 αὐτοὶ
857 1274 886 1344 d’
902 1279 1104 1359 ἀσχαλόωσιν
1120 1276 1228 1364 (αὐτοί
1242 1281 1274 1342 in
1290 1279 1396 1343 locum
1412 1279 1494 1343 soliti
1509 1283 1607 1363 αὐτὰρ

204 1384 222 1450 6
238 1387 296 1468 [66.
310 1385 471 1471 ἀσχαλάᾳ]
487 1385 681 1448 successisse
697 1382 835 1467 videtur,
851 1383 892 1447 ef.
907 1381 1005 1449 Ther.
1018 1382 1093 1468 249,
1110 1383 1183 1464 340,
1200 1382 1251 1447 ΑΙ.
1269 1382 1322 1467 82,
1338 1384 1412 1467 214,
1429 1383 1502 1468 263,
1518 1383 1607 1470 482),

204 1487 344 1576 denique
367 1488 418 1553 Al.
435 1488 499 1552 592
522 1489 617 1554 αὐτόν
631 1482 662 1551 τ’
676 1485 837 1575 praedeces
859 1485 983 1573 σρίβσις
1004 1538 1010 1551 .
1029 1538 1036 1551 .
1054 1540 1061 1553 .
1082 1486 1219 1574 ξήραινε,
1244 1487 1360 1573 quibus
1381 1488 1458 1552 locis
1481 1490 1607 1553 notione

203 1595 352 1680 graviore
375 1593 570 1679 pronominis
594 1584 684 1677 ‘ipse'
707 1594 897 1657 instructum
925 1601 983 1656 est.

307 1699 367 1762 His
389 1698 487 1762 rebus
511 1696 664 1762 absolutis
686 1719 791 1781 pauca
824 1696 864 1760 de
887 1696 1128 1781 pronominibus
1154 1695 1387 1781 personalibus,
1410 1699 1607 1783 possessivis,

203 1802 376 1867 indefinitis
400 1802 587 1867 adiciamus.
635 1824 674 1866 ae
697 1823 872 1886 pronomen
901 1803 1023 1885 primae
1045 1823 1203 1887 personae
1225 1803 1350 1865 numeri
1372 1801 1543 1887 singularis
1564 1840 1608 1850 -

202 1908 333 1993 pluralis
355 1907 451 1993 plane
478 1904 602 1990 abest³)
618 1944 670 1991 -,
694 1907 754 1970 nisi
777 1904 855 1991 quid
878 1928 930 1969 me
952 1905 1044 1989 fugit,
1068 1914 1117 1968 ter
1139 1914 1262 1970 tantum
1284 1908 1317 1969 in
1341 1906 1538 1970 carminibus
1562 1906 1603 1971 de

202 2013 319 2097 quibus
342 2014 467 2097 agimus
490 2014 652 2076 invenitur
674 2013 706 2074 in
726 2008 969 2095 nominativo⁴):
993 2009 1090 2073 Ther.
1107 2009 1181 2093 493,
1198 2008 1259 2072 837
1277 2008 1427 2096 (utroque
1449 2011 1519 2074 loco
1541 2010 1603 2095 ἐγὼ

205 2168 253 2183 ...
272 2115 433 2203 διείσομαι
448 2119 481 2181 iu
498 2116 630 2181 exordio
646 2115 861 2180 remediorum
878 2116 1125 2179 enumerationis
1141 2113 1309 2200 legitur),⁶)
1326 2115 1377 2181 Al.
1391 2114 1421 2195 9,
1438 2114 1494 2180 ubi
1505 2115 1607 2179 verba

203 2223 301 2307 αὐτὰρ
320 2222 381 2305 ἐγώ
396 2220 519 2285 voculis
539 2225 577 2285 σὺ
597 2218 655 2305 μέν
671 2218 715 2306 (v.
733 2218 767 2305 6)
784 2227 996 2305 opponuntur.
1041 2218 1238 2303 frequentior
1259 2221 1454 2305 pronominis
1477 2220 1606 2284 alterius

202 2347 359 2410 personae
378 2348 455 2390 usus
476 2334 534 2409 est,
555 2323 640 2410 quod
659 2326 736 2388 item
759 2325 819 2387 nisi
838 2326 870 2387 in
892 2323 1044 2407 singulari
1064 2325 1202 2409 positum
1218 2346 1282 2387 non
1297 2326 1466 2389 invenitur.
1511 2324 1606 2389 huius

203 2431 416 2495 nominativus
440 2434 479 2495 σύ
501 2430 618 2493 XVIII
640 2427 737 2493 Ther.
744 2479 753 2510 ,
776 2427 946 2493 XXXIIII
968 2426 1036 2511 Al,
1066 2430 1269 2492 accusativus
1292 2427 1329 2493 σέ
1351 2429 1400 2495 VI
1422 2428 1531 2513 Ther„
1553 2430 1604 2495 ΠΙ

203 2534 253 2599 Al.
277 2534 355 2599 locis
380 2536 583 2619 conspicitur.
629 2532 743 2597 horum
766 2532 909 2597 locorum
933 2531 1063 2597 dimidia
1085 2532 1154 2596 fere
1174 2555 1259 2617 para,
1283 2555 1367 2618 quac
1382 2534 1482 2598 XVII
1496 2534 1605 2619 Ther7

202 2639 286 2703 XIII
315 2637 365 2703 Al.
394 2639 472 2703 loeis
496 2638 643 2716 efficitur,
672 2640 715 2701 ita
740 2648 926 2723 comparata
948 2647 1011 2719 est,
1038 2646 1074 2701 ut
1095 2640 1274 2723 pronomini
1298 2638 1336 2702 σύ
1359 2635 1424 2724 (σε)
1447 2639 1605 2723 particula

201 2743 236 2827 γέ
258 2741 430 2821 6111161616)
455 2744 508 2827 (cf.
525 2765 556 2828 p.
574 2741 639 2827 37).
672 2752 802 2829 praeter
817 2744 1049 2807 nominativum
1065 2751 1161 2828 atque
1177 2743 1399 2807 accusativum
1414 2743 1496 2807 alius
1512 2766 1605 2807 casus

305 2968 326 3036 ¹)
345 2970 396 3020 hoc
413 2968 911 3035 1666τοιάδε6566666611616161161,
928 2970 1038 3034 reliquis
1054 2975 1144 3019 autem
1162 2970 1227 3019 locis
1243 2973 1317 3026 τοῖος
1334 2970 1368 3019 ad
1381 2972 1469 3035 priora
1482 2973 1604 3035 pertinet,

202 3074 256 3109 non
274 3072 334 3107 raro
352 3058 399 3118 ita,
422 3062 452 3107 ut
470 3059 619 3107 sententiae
637 3058 820 3108 antecedentis
839 3062 975 3121 tamquam
994 3072 1075 3107 causa
1093 3057 1218 3107 addatur:
1237 3058 1315 3107 Ther.
1329 3059 1389 3121 408,
1402 3060 1462 3118 429,
1475 3059 1533 3119 780,
1547 3059 1604 3108 785.

199 3143 299 3194 talibus
317 3143 384 3194 locis
401 3146 475 3200 τοῖος
493 3142 546 3213 γάρ
566 3149 730 3210 expectatur,
751 3145 798 3194 sed
816 3144 952 3194 Nicander
969 3144 1011 3193 his
1029 3145 1152 3194 omnibus
1170 3145 1235 3194 locis
1253 3144 1400 3209 asyndeton
1419 3145 1490 3209 quod
1507 3151 1605 3196 vocant

200 3231 394 3297 explicativum
417 3231 539 3282 adhibuit
561 3247 649 3297 neque
672 3233 756 3297 magis
779 3231 938 3297 particulam
961 3230 1045 3281 ullam
1069 3233 1218 3297 pronomini
1240 3235 1313 3287 τοῖος
1335 3232 1397 3281 aliis
1420 3232 1485 3283 locis
1502 3232 1606 3282 addidit

200 3316 290 3383 (Ther.
308 3321 368 3380 210,
385 3317 458 3385 482),
475 3320 522 3370 ubi
541 3321 614 3375 τοῖος
637 3321 805 3371 enuntiatum
828 3320 944 3369 incohat.
980 3319 1048 3369 adde
1072 3319 1143 3383 quod
1160 3319 1239 3369 Ther.
1254 3321 1303 3369 543
1329 3320 1413 3387 λείρια
1438 3321 1473 3375 ὡς
1495 3320 1523 3369 ἴα
1542 3321 1603 3370 τοῖα

200 3405 407 3456 demonstrativo
426 3407 648 3458 16ῐ616161116111
667 3408 709 3470 ὡς,
728 3423 782 3457 non
800 3400 845 3457 οἶα
864 3406 1013 3472 respondet.

302 3490 324 3559 ²)
344 3493 377 3543 cf.
395 3498 533 3560 praeterea
551 3494 582 3544 0.
596 3493 743 3544 Schneider
761 3493 879 3559 prolegg.
899 3510 925 3559 p.
940 3495 981 3543 96.

302 3578 324 3645 ⁸)
343 3581 448 3647 plurale
465 3582 544 3632 huius
562 3597 691 3647 personae
708 3597 854 3647 pronomen
866 3582 1045 3647 possessivum
1064 3579 1217 3648 (ἡμέτερος)
1236 3581 1329 3631 eodem
1347 3596 1427 3631 sensu
1439 3588 1519 3646 atque
1537 3580 1604 3648 ἐμός

199 3668 316 3733 -quod
333 3684 418 3734 aeque
436 3685 468 3720 ae
486 3668 533 3726 σός
551 3670 580 3719 111
599 3670 640 3719 1116
658 3669 822 3719 carminibus
840 3685 894 3719 non
913 3670 1051 3719 invenitur
1063 3697 1094 3704 —
1108 3675 1188 3734 poeta
1205 3669 1328 3719 adhibuit
1346 3668 1425 3718 Ther.
1441 3671 1498 3718 117.
1529 3686 1603 3734 prae-

199 3760 273 3805 terea
295 3755 398 3805 duobus
421 3755 487 3806 locis
506 3756 584 3806 Ther.
601 3758 650 3806 126
669 3762 696 3806 61
715 3757 765 3806 549
788 3758 884 3807 tertiae
908 3772 1037 3821 personae
1055 3758 1159 3807 numeri
1178 3756 1321 3821 singularis
1339 3772 1486 3821 pronomen
1504 3772 1604 3821 666666-

197 3842 283 3891 sivum
302 3841 402 3909 legitur
420 3842 472 3905 ἑός,
490 3844 617 3893 sescentis
635 3847 724 3894 autem
743 3843 809 3894 locis
828 3846 896 3894 ratio
915 3846 1064 3910 possessiva
1082 3859 1117 3895 ne
1134 3845 1215 3895 verbo
1234 3845 1340 3908 quidem
1360 3845 1524 3909 exprimitur.

300 3927 323 3996 4)
342 3932 389 3995 qui
407 3931 507 3996 ubique
525 3935 584 3996 post
602 3932 717 3996 primum
736 3932 891 3983 trochaeum
910 3932 1064 3983 collocatur.

301 4014 431 4081 Β)6611116
453 4016 548 4068 similis
570 4019 676 4083 generis
699 4018 765 4067 locis
787 4018 866 4068 Ther.
880 4021 904 4077 4,
923 4021 982 4078 282,
1000 4020 1058 4080 528,
1076 4019 1135 4077 636,
1149 4019 1208 4081 770,
1221 4019 1280 4078 805,
1293 4018 1352 4081 811,
1365 4020 1425 4080 822,
1448 4018 1520 4069 Alb
1542 4019 1603 4069 aliis

198 4098 252 4169 ἐγώ
271 4118 324 4152 non
342 4102 448 4169 legitur.

303 4188 325 4256 ο)
344 4189 377 4241 σύ
400 4197 460 4257 6661
480 4192 497 4256 ἢ
516 4192 663 4243 collocatur
680 4193 760 4243 Ther.
774 4194 815 4253 40,
828 4194 870 4253 45,
884 4195 927 4254 63,
940 4195 999 4256 513,
1012 4194 1072 4254 557,
1085 4194 1143 4253 848,
1157 4193 1216 4253 909,
1235 4191 1275 4243 Al.
1289 4194 1331 4254 90,
1344 4195 1386 4255 95,
1401 4195 1459 4254 142,
1474 4196 1530 4254 197,
1544 4196 1604 4256 228,

198 4278 257 4338 262,
270 4279 331 4338 427,
343 4280 403 4340 514,
416 4279 476 4340 607,
500 4283 559 4344 6661
581 4283 630 4331 καί
649 4296 677 4331 τε
696 4280 775 4331 Ther.
789 4282 848 4341 645,
866 4280 909 4330 ΑΙ.
923 4282 965 4342 48,
978 4282 1020 4341 92,
1034 4281 1092 4343 108,
1108 4282 1165 4340 148,
1180 4281 1238 4341 171,
1253 4281 1310 4341 186,
1324 4282 1383 4340 230,
1397 4283 1457 4341 239,
1470 4283 1529 4341 268,
1543 4284 1603 4342 323,

197 4366 257 4431 433,
267 4366 326 4426 563,
343 4367 456 4416 voculae
467 4366 508 4432 μή
520 4367 564 4418 vel
576 4365 652 4435 μηδέ
667 4368 782 4418 adicitur
795 4369 874 4419 Ther.
887 4370 945 4432 128,
955 4370 1015 4432 474,
1025 4370 1085 4430 574,
1096 4368 1155 4431 583,
1168 4368 1228 4428 625,
1241 4367 1282 4416 ΔΙ.
1296 4370 1355 4429 397,
1368 4370 1465 4433 quibus
1477 4386 1521 4418 vv.
1534 4369 1602 4419 adde

197 4451 275 4503 Ther.
289 4454 350 4515 475,
368 4453 408 4503 al.
423 4455 481 4517 279,
494 4455 554 4515 443,
568 4455 627 4519 594,
641 4457 700 4517 611,
727 4458 930 4521 pronominibus
957 4455 1172 4506 demonstrativis
1198 4454 1355 4520 adiungitur
1372 4455 1451 4506 Ther.
1465 4458 1525 4517 506,
1542 4458 1601 4517 912,

196 4538 238 4589 ΔΙ.
253 4541 311 4602 128,
323 4542 384 4603 385,
395 4542 456 4604 511,
468 4542 527 4603 546,
547 4542 695 4607 particulae
712 4543 781 4593 otio
801 4543 880 4594 Ther.
894 4546 937 4605 21,
955 4544 995 4594 ΔΙ.
1009 4545 1069 4607 260,
1081 4545 1142 4604 402,
1154 4544 1213 4605 527,
1230 4544 1290 4604 573,
1309 4543 1447 4607 particulis
1464 4546 1490 4594 sl
1507 4542 1541 4594 δέ
1557 4544 1601 4594 vel

196 4628 231 4692 ἢν
249 4625 282 4678 δέ
299 4628 377 4678 Ther.
391 4630 433 4690 87,
445 4630 504 4691 689,
518 4630 581 4691 885,
595 4631 654 4681 915.
691 4630 806 4695 denique
824 4631 893 4682 adde
912 4631 960 4681 hos
979 4631 1063 4681 locos:
1094 4631 1173 4681 Ther.
1186 4632 1212 4694 4,
1225 4631 1284 4690 695,
1298 4632 1357 4691 877,
1375 4629 1417 4681 ΑΙ.
1430 4633 1455 4693 6,
1468 4632 1527 4695 325,
1540 4632 1600 4681 336.
