3542 5059
1526 154 1590 220 105

189 349 340 434 leguntur
361 349 394 412 in
417 349 538 413 Donati
560 359 629 414 arte
652 348 693 414 G.
710 349 749 413 L.
765 349 834 414 IIII
856 349 930 433 375,
947 348 990 412 24
1004 370 1074 435 sqq.
1099 357 1131 413 et
1152 348 1261 432 311,1
1286 346 1496 434 recurrunt1)
1526 349 1590 412 iarn

190 454 244 539 qui
271 453 485 538 praefationes
512 455 639 519 Donato
666 453 786 534 tribuit,
813 457 839 518 is
866 454 1009 541 profecto
1037 453 1194 518 concedat
1220 474 1353 517 necesse
1376 462 1425 517 est
1446 475 1485 516 ea
1508 475 1591 538 quae

189 579 303 622 comm.
321 556 350 642 7,
369 557 499 643 ’1-8,3
528 567 559 623 11
586 558 616 642 9,
632 557 710 645 23²)
745 581 847 645 usque
878 559 921 623 ad
951 560 1051 624 finem
1081 568 1286 645 exponuntur
1314 566 1447 644 propter
1475 578 1591 622 memo-

188 662 325 727 rabilem
346 665 430 728 inter
451 663 533 727 haec
556 672 587 728 et
609 663 824 749 praefationes
852 673 1044 729 concentum
1052 662 1079 750 ⁸)
1106 685 1268 747 magnam⁴
1284 671 1370 727 certe
1397 672 1522 748 partein
1549 661 1591 726 ad

189 768 353 832 Donatum
376 767 493 852 redire,
517 769 581 854 qui,
606 791 680 833 cum
702 769 804 854 praef.
829 768 894 833 Ad.
913 768 978 852 7,9
1002 791 1037 832 11
1060 766 1102 832 111
1124 767 1290 832 comoedia
1313 765 1473 852 quaedam
1495 768 1592 851 scrip·

188 873 268 936 sisse
292 871 378 956 dicit,
402 871 510 937 locum
533 875 587 958 qui
610 894 723 939 comm.
749 873 835 954 121
853 895 901 959 sq.
926 882 1016 938 extat
1037 874 1187 958 respexit.
1233 894 1310 936 sane
1333 869 1592 936 adnotationibus

190 975 382 1066 quibusdam
398 977 448 1041 bis
463 988 553 1042 terve
570 980 713 1063 repetitis
729 980 934 1064 pessimoque
949 1000 1058 1043 rerum
1074 986 1296 1042 enarratarum
1312 975 1424 1040 ordine
1440 974 1593 1039 docemur

189 1081 274 1146 hane
294 1086 465 1147 commenti
483 1091 609 1168 partem
629 1105 693 1147 non
708 1082 750 1147 ab
771 1085 840 1169 ipso
857 1083 995 1162 Donato,
1017 1082 1075 1147 sed
1094 1091 1218 1146 tantum
1238 1080 1344 1146 libello
1365 1081 1433 1144 eius
1448 1078 1592 1144 adhibito

189 1209 208 1250 a
232 1185 372 1273 quodam
391 1189 542 1273 temporis
564 1190 746 1273 posterioris
769 1190 935 1274 scriptore,
959 1186 1000 1252 de
1024 1209 1087 1273 quo
1110 1185 1188 1251 nihil
1211 1187 1338 1250 omnino
1359 1187 1456 1250 statui
1477 1193 1591 1271 potest,

190 1293 400 1376 compositum
424 1291 534 1379 esse.⁴)

293 1396 354 1460 His
378 1397 531 1482 expositis
554 1395 653 1460 adid
676 1396 717 1460 de
741 1418 803 1481 quo
827 1395 905 1460 mihi
927 1397 961 1460 in
982 1395 1044 1460 hoc
1066 1394 1219 1482 opusculo
1241 1396 1273 1458 in
1297 1395 1407 1479 primis
1430 1393 1594 1480 agendum

189 1509 239 1564 est
254 1502 432 1584 veniamus,
456 1500 498 1564 ad
513 1501 633 1565 Donati
654 1524 737 1586 quae
753 1511 911 1566 vocantur
930 1500 1061 1585 scholia,
1085 1502 1118 1564 in
1138 1522 1221 1586 quae
1237 1500 1417 1564 accuratius
1432 1500 1594 1585 inquirere
1697 1539 1700 1543 ›

189 1607 348 1688 constitui,
371 1615 407 1670 ut
426 1627 508 1691 quae
528 1604 572 1670 ad
586 1606 752 1670 Donatum
771 1607 876 1692 ipsum
892 1605 1035 1670 redirent
1049 1627 1197 1691 quaeque
1213 1603 1282 1669 aliis
1297 1602 1472 1669 tribuenda
1488 1612 1595 1668 essent

189 1707 433 1796 explorareme)
479 1711 596 1775 etenim
623 1732 689 1775 non
715 1700 757 1775 ab
785 1732 848 1775 uno
875 1710 1004 1775 homine
1033 1733 1072 1774 ea
1099 1711 1280 1796 conscripta
1303 1731 1373 1774 esse
1396 1709 1460 1773 iam
1483 1730 1593 1772 omnes

294 1865 314 1933 ¹)
333 1867 432 1917 similia
448 1883 513 1918 sane
530 1867 614 1920 habes
627 1866 699 1933 apud
711 1867 869 1918 Diomedem
886 1869 918 1920 G.
932 1868 1107 1929 1113211112
1125 1873 1153 1917 11
1169 1866 1317 1917 charisium
1331 1868 1363 1918 G.
1376 1866 1407 1917 L.
1420 1867 1434 1915 I
1448 1867 1505 1927 114,
1518 1868 1535 1915 4
1547 1882 1594 1931 sq,

190 1955 260 2006 unde
278 1955 492 2005 Scheidemantel
511 1972 537 2020 p.
550 1956 584 2005 41
603 1955 674 2006 haud
691 1956 750 2006 iure
769 1955 899 2006 conclusit
916 1955 1096 2020 praefationes
1113 1955 1249 2006 Euanthio
1267 1954 1454 2005 adscribendas
1472 1969 1537 2004 esse.

219 2089 220 2094 ,
294 2040 316 2108 ²)
335 2043 502 2093 enuntiatum
531 2043 653 2107 8,1211,.
672 2038 817 2094 ‘comoedia
910 2039 1048 2105 consistit',
1075 2042 1146 2107 quod
1173 2057 1261 2106 neque
1287 2057 1348 2091 cum
1375 2041 1594 2091 antecedentibus

191 2145 279 2194 neque
297 2146 357 2180 cum
375 2130 550 2194 sequentihus
568 2129 700 2194 cohaeret,
719 2131 776 2180 sine
795 2130 876 2181 dubio
901 2145 983 2181 exeo
1002 2146 1054 2195 quo
1077 2146 1149 2180 nunc
1167 2135 1240 2180 extat
1258 2129 1316 2180 loco
1327 2129 1497 2180 movendum
1515 2133 1595 2193 atque

190 2217 243 2267 huc
262 2217 490 2282 transponendum
509 2223 556 2268 est.

293 2301 315 2370 ⁸)
334 2305 399 2354 locis
417 2304 495 2354 modo
514 2306 724 2355 commemoratis
742 2305 810 2354 adde
827 2304 875 2355 hos
894 2320 960 2369 qnos
978 2304 1192 2355 Scheidemantel
1210 2306 1366 2370 ,1.171119
1385 2304 1472 2354 obiter
1488 2308 1593 2354 tantum

188 2393 355 2458 perstrinxit:
374 2409 468 2442 comm.
483 2395 603 2457 10,1sq.
632 2392 665 2442 de
683 2394 802 2458 personis
821 2392 957 2454 adhibitis,
976 2392 1072 2457 quibus
1085 2392 1246 2456 respondent
1264 2391 1348 2457 praef.
1361 2392 1431 2442 Eun.
1447 2394 1487 2451 10,
1502 2394 1532 2440 11
1545 2408 1593 2457 sq.,

187 2479 236 2529 Ad.
252 2481 275 2540 7,
291 2480 322 2528 10
335 2495 388 2544 11,,
416 2494 510 2529 comm.
526 2481 568 2542 11,
580 2482 595 2529 6
609 2496 647 2544 sq.
666 2480 700 2529 ds
723 2479 801 2540 ludis,
825 2481 985 2544 quibuscum
1009 2486 1159 2546 congruunt
1181 2480 1263 2546 praef.
1276 2479 1356 2530 Andr.
1371 2482 1394 2540 3,
1410 2482 1451 2541 10,
1469 2478 1517 2529 Ad.
1532 2481 1556 2540 7,
1569 2480 1593 2540 9,

187 2567 257 2616 Eun.
274 2568 368 2627 10,10,
388 2565 454 2616 Η61.
469 2567 510 2627 12,
523 2569 566 2628 20,
584 2566 689 2616 Phorm.
705 2568 745 2626 14,
760 2569 791 2615 14
805 2583 843 2631 sq.
880 2583 934 2617 non
952 2567 1068 2632 respexit
1086 2567 1157 2617 locos
1175 2568 1245 2617 inter
1257 2583 1286 2618 se
1300 2568 1479 2626 concinentes,
1498 2582 1593 2616 comm.

189 2655 231 2715 12,
245 2655 327 2717 resq.
355 2650 410 2717 ‘qni
437 2653 589 2703 huiusmodi
615 2654 706 2703 medos
733 2653 849 2704 faciebat
876 2669 973 2704 nomen
1001 2656 1029 2704 in
1053 2654 1183 2720 principio
1206 2653 1314 2704 fabulae
1336 2659 1397 2720 post
1421 2653 1471 2720 (111
1488 2654 1594 2718 scripsit

186 2740 319 2791 Dniatnko
331 2739 400 2789 Ann.
414 2741 478 2806 phil.
493 2740 580 2806 suppl.
593 2741 618 2790 X
631 2739 693 2805 669)
712 2742 846 2806 scriptoris
866 2749 893 2791 61
910 2743 1006 2791 actoris
1024 2739 1261 2807 superponebatur'
1280 2747 1307 2792 et
1325 2741 1407 2807 praef.
1420 2741 1500 2791 Andr.
1513 2743 1538 2802 3,
1553 2743 1593 2802 12,

186 2827 367 2890 1111111012,
385 2828 451 2878 Hoc.
467 2830 507 2888 12,
521 2829 562 2890 21,
582 2828 742 2891 Phormll,
758 2830 798 2892 16,
817 2844 869 2892 quo
887 2828 945 2878 loco
964 2829 1093 2879 Flaccum
1110 2829 1200 2879 modos
1218 2829 1313 2879 1111116
1332 2829 1453 2894 legimus.

289 2913 311 2980 ⁴)
330 2915 452 2964 Donatus
473 2915 501 2963 in
525 2914 575 2964 hac
597 2917 740 2965 commenti
762 2921 838 2980 parte
861 2916 937 2966 nullo
961 2916 1018 2966 loco
1042 2932 1121 2981 quem
1144 2922 1278 2966 auctorem
1302 2923 1409 2967 secutus
1432 2918 1467 2966 sit
1487 2916 1593 2967 disertis

186 3001 276 3052 verbis
288 3001 399 3065 indicat,
418 3001 464 3051 sed
476 3007 579 3051 tanturn
593 3002 745 3052 huiusmodi
765 3005 861 3064 verbis,
879 3003 965 3053 veluti
985 3000 1125 3067 ‘nonnulli
1143 3001 1270 3069 quidam',
1288 3006 1372 3055 utitur
1390 3004 1434 3071 (11.
1450 3008 1490 3062 10,
1503 3006 1528 3054 6.
1550 3007 1594 3068 14,

187 3090 287 3152 11,16,
308 3089 348 3149 12,
362 3088 398 3154 9).
418 3089 506 3138 locum
525 3089 558 3138 de
577 3090 679 3139 aulaeis
698 3105 731 3139 ex
749 3092 824 3156 regia
835 3092 953 3141 Attalica
965 3092 1075 3141 Romam
1094 3092 1204 3156 perlatis
1221 3108 1316 3142 comm.
1331 3093 1400 3154 12,3
1419 3091 1453 3142 ad
1465 3092 1593 3141 Varronis

186 3175 219 3225 de
237 3175 294 3226 vita
311 3175 406 3242 populi
423 3177 538 3227 Romani
556 3176 655 3227 librum
673 3177 714 3226 111
732 3178 819 3228 redire
838 3194 870 3228 ex
889 3179 976 3228 Nonio
995 3180 1022 3228 11
1040 3181 1091 3229 200
1109 3179 1140 3228 L.
1153 3180 1189 3227 M.
1208 3184 1372 3244 compertum
1390 3179 1527 3229 habemus.
1564 3180 1592 3228 iu

185 3264 398 3329 praefationibus
421 3266 449 3314 in
471 3265 627 3314 universum
650 3269 772 3315 auctores
795 3282 860 3330 quos
883 3266 1006 3316 adhibuit
1028 3268 1092 3316 item
1115 3266 1249 3332 significat
1271 3267 1321 3317 hoc
1343 3266 1433 3316 modo:
1465 3263 1592 3330 ‘quidam,

184 3357 247 3401 sunt
264 3353 311 3415 qui
322 3351 423 3412 dicunt,
442 3351 548 3412 dicitur,
566 3349 700 3402 dicuntur'
720 3352 825 3418 (111111.
840 3355 863 3413 6,
877 3352 993 3419 20(111),
1012 3356 1058 3418 22,
1078 3355 1102 3414 7,
1118 3356 1160 3417 18,
1181 3355 1247 3404 Η61.
1263 3356 1362 3418 12,10,
1380 3354 1485 3403 Phorm.
1501 3356 1541 3417 14,
1554 3352 1591 3418 4).

184 3437 231 3488 sed
248 3439 315 3489 Hec.
330 3441 370 3499 13,
384 3441 417 3488 24
435 3439 584 3489 Varronem
608 3441 736 3501 nominat,
760 3441 805 3505 qui
829 3456 935 3505 quoqne
953 3441 1034 3490 Andr.
1048 3442 1101 3504 6,9
1124 3447 1152 3492 11
1174 3440 1289 3500 Α11.7,5
1312 3441 1402 3491 verbis
1424 3438 1547 3506 ‘antiqui'
1564 3447 1592 3491 11

185 3521 266 3575 ‘docti
284 3523 397 3576 veteres’
416 3525 578 3591 designatur.
614 3527 702 3592 ipsum
721 3533 899 3578 commentum
918 3525 1063 3595 (121111.)
1081 3529 1190 3593 respicit
1206 3529 1329 3596 1111.7,9.

288 3609 310 3677 ¹⁵)
329 3627 426 3678 magno
445 3628 525 3678 opere
543 3629 608 3664 sane
626 3614 769 3665 dolendum
788 3620 829 3665 est
847 3616 992 3666 editionem
1010 3616 1104 3666 horum
1117 3616 1278 3666 scholiorum
1296 3631 1365 3680 quae
1383 3615 1520 3666 codicibus
1538 3614 1591 3666 col·

184 3698 245 3750 latis
268 3706 371 3750 certum
390 3701 428 3751 rei
447 3702 556 3751 criticae
575 3701 714 3752 faciendae
736 3702 941 3754 fundamentum
965 3704 1092 3768 praebeat
1114 3704 1201 3754 adhuc
1224 3703 1378 3754 desiderari.
1413 3720 1475 3755 nam
1498 3719 1591 3768 quam·

183 3803 263 3851 quam
278 3787 386 3852 quidam
399 3789 451 3836 viri
469 3787 539 3838 docti
558 3790 586 3838 in
603 3791 642 3839 111
655 3790 828 3840 emendandis
846 3807 900 3840 non
912 3791 1103 3841 infructuosam
1122 3807 1230 3857 operam
1243 3791 1416 3855 collocarunt,
1434 3808 1488 3841 non
1500 3797 1591 3842 11111111

182 3874 340 3940 plerumque
363 3875 434 3940 ipsos
456 3874 539 3925 libros
561 3891 643 3926 manu
661 3878 772 3941 scriptos
790 3877 922 3942 adierunt,
948 3878 994 3928 sed
1013 3883 1087 3929 textu
1107 3880 1153 3942 qui
1172 3880 1200 3927 in
1219 3879 1381 3929 editionibus
1399 3880 1591 3944 antiquissimis

183 3967 256 4012 extat
273 3962 433 4027 perlustrato
446 3962 490 4011 hic
502 3962 560 4012 illic
574 3964 728 4013 coniectura
740 3966 898 4030 scripturam
916 3967 1063 4030 genuinam
1076 3968 1216 4016 restituere
1234 3967 1324 4016 conati
1341 3971 1410 4016 sunt.
1446 3967 1480 4016 de
1498 3966 1590 4016 codice

183 4050 282 4114 optimo
300 4050 435 4100 Parisiaco
454 4049 500 4100 lat.
515 4052 584 4101 7920
602 4051 703 4102 saeculi
721 4052 768 4114 Xl,
787 4054 833 4117 qui
851 4059 958 4117 praeter
976 4054 1097 4105 Terentii
1114 4056 1197 4104 vitam
1216 4062 1244 4104 et
1259 4054 1390 4104 Euanthii
1411 4060 1590 4104 commentum

182 4133 284 4186 scholia
301 4136 337 4186 ad
347 4135 476 4186 Andriam
495 4142 522 4187 et
533 4137 668 4204 Adelphos
685 4138 844 4202 111-411
863 4141 991 4201 continet,
1009 4141 1214 4206 disputaverunt
1228 4141 1332 4190 Bitschl
1351 4147 1378 4192 et
1389 4140 1590 4193 Reifferscheid.

181 4223 310 4288 exiguum
327 4223 456 4274 librorum
475 4240 624 4288 numerum,
643 4241 709 4289 quos
727 4226 831 4276 Ritschl
855 4233 976 4289 noverat,
999 4229 1075 4278 anxit
1092 4228 1223 4280 Dziatnko
1241 4228 1333 4279 codice
1355 4231 1424 4280 bono
1443 4229 1591 4281 Bodleiano

182 4309 364 4361 Canoniciano
383 4311 428 4362 lat.
442 4313 475 4361 95
493 4311 593 4374 addito,
612 4312 645 4363 de
664 4329 716 4377 quo
735 4315 859 4380 exposuit
870 4314 939 4365 Ann.
953 4315 1019 4380 phil.
1032 4316 1120 4382 suppl.
1133 4317 1158 4365 X
1177 4319 1228 4366 6711
1241 4333 1296 4381 sqq.
1315 4317 1362 4367 sed
1380 4333 1466 4383 nuper
1484 4318 1591 4368 demum

180 4398 211 4449 R.
231 4397 378 4448 Sabbadini
396 4399 424 4447 in
443 4401 561 4465 corporis
579 4400 649 4464 quod
668 4401 821 4451 inscribitur
840 4402 911 4451 studi
929 4402 1039 4453 Italiani
1058 4403 1085 4452 di
1102 4402 1222 4470 filologia
1240 4405 1352 4455 classica
1370 4404 1551 4456 voluminibus
1563 4408 1590 4456 11

180 4501 205 4550 p.
219 4487 298 4550 lsqq.
318 4491 345 4536 et
362 4484 404 4535 III
421 4503 446 4552 p.
461 4488 511 4536 249
522 4502 578 4551 sqq.
594 4487 738 4538 editionem
751 4489 882 4554 adparatu
896 4491 987 4540 critico
1001 4492 1156 4541 instructam
1169 4495 1290 4543 emittere
1302 4494 1397 4558 coepit.
1434 4493 1591 4559 prodierunt

180 4571 269 4623 adhuc
286 4571 390 4624 scholia
407 4573 442 4623 ad
461 4573 526 4624 duos
544 4574 643 4640 primos
661 4575 787 4625 Eunuchi
805 4582 890 4638 actus,
908 4578 943 4627 ad
960 4577 1078 4629 Andriae
1096 4586 1171 4630 actus
1188 4580 1299 4631 alterius
1317 4596 1441 4631 scaenam
1459 4587 1589 4646 quartam,

180 4659 214 4709 ad
226 4659 352 4724 Hecyrae
368 4665 442 4712 actus
460 4663 548 4726 quarti
565 4677 678 4712 scaenae
696 4664 798 4728 primae
811 4679 904 4714 versus
919 4668 1012 4730 1—21,
1028 4667 1063 4718 ad
1074 4668 1243 4720 Phormionis
1254 4675 1329 4720 actus
1341 4668 1452 4720 alterius
1465 4684 1589 4721 1111111111
