3542 5059
237 215 299 279 I24

233 411 390 496 quitatum
419 430 527 472 rerum
558 408 773 476 humanarum
802 411 908 475 Varro
937 412 1142 495 proposuisse
1172 410 1311 495 videtur,
1342 432 1405 496 quo
1436 410 1634 496 singularum

233 537 360 601 quoque
390 515 629 600 provinciarum
658 517 788 580 nomina
818 514 993 600 explicavit
1023 514 1078 600 (cf.
1099 515 1221 579 Mirsch
1251 538 1282 600 p.
1307 515 1368 579 115
1384 514 1457 602 sq),
1488 517 1584 580 funus
1614 540 1634 579 a

232 619 394 685 funalibus
418 618 555 684 Andr.I
579 619 744 701 1,81.88.
765 619 835 703 100,
865 643 963 706 quam
986 620 1211 704 etymologiam
1234 620 1277 685 ad
1300 621 1483 685 Varronem
1505 621 1546 685 de
1568 624 1635 685 vita

232 725 341 811 populi
363 725 500 788 Romani
509 723 533 809 ¹)
556 724 662 788 redire
691 716 732 788 ex
756 724 869 789 Servio
897 724 939 788 ad
963 725 1063 809 Verg.
1080 724 1196 789 Aenl
1220 725 1280 788 727
1306 725 1360 812 (cf.
1377 724 1476 790 schol.
1492 724 1535 789 ad
1550 725 1633 790 Aen.

232 831 282 894 XI
308 829 383 915 143)
412 839 611 914 compertum
638 829 805 894 habemus.
852 830 992 915 denique
1020 830 1126 894 multis
1153 829 1231 893 locis
1258 830 1393 895 eaedem
1425 830 1634 917 etymologiae

233 945 265 1000 et
291 938 324 998 in
352 934 478 1000 scholiis
501 936 702 999 Terentianis
731 945 763 998 61
782 935 938 1000 Varronis
961 935 1002 998 de
1025 936 1136 1021 lingua
1158 936 1276 999 Latina
1302 934 1392 999 libris
1417 937 1635 1018 inveniuntur,

233 1062 312 1125 quas
344 1043 407 1104 iarn
439 1039 645 1103 enumerabo.
693 1039 773 1103 cella
807 1065 826 1103 a
860 1039 995 1105 celando
1019 1040 1082 1104 Ad.
1099 1040 1166 1105 ΗΠ
1188 1039 1219 1124 2,
1239 1041 1277 1103 13
1301 1041 1339 1105 L.
1356 1041 1395 1105 L.
1412 1041 1444 1104 V
1461 1040 1533 1124 162,
1558 1040 1635 1105 divi-

233 1144 333 1209 duum
356 1168 375 1208 a
399 1145 555 1208 divisione
579 1143 642 1208 Ad.
659 1145 693 1208 II
716 1145 746 1229 2,
763 1145 805 1208 33
827 1145 866 1210 L.
884 1145 923 1209 L.
940 1146 1006 1210 VII
1029 1145 1081 1228 60,
1105 1145 1213 1210 fatuus
1235 1169 1255 1209 a
1277 1145 1376 1209 fando
1398 1146 1482 1210 Eun.
1499 1147 1530 1211 V
1545 1144 1576 1229 8,
1592 1146 1635 1209 49

232 1250 272 1314 L.
289 1250 327 1314 L.
345 1251 393 1315 VI
416 1250 472 1330 553
496 1251 622 1314 effutire
646 1273 665 1313 a
687 1271 765 1314 vase
789 1250 871 1315 futili
894 1250 996 1314 Andr.
1013 1251 1063 1314 ΙΙΙ
1086 1252 1117 1334 5,
1133 1251 1163 1334 3,
1187 1250 1316 1314 Phorm.
1333 1250 1364 1313 V
1382 1252 1411 1334 1,
1429 1250 1469 1313 19
1492 1251 1531 1315 L.
1547 1251 1586 1314 L.
1603 1251 1635 1315 V

235 1354 306 1438 119,
330 1353 411 1419 16116
426 1355 552 1419 Lucina
572 1379 591 1418 a
606 1355 748 1419 iuvando
772 1367 804 1419 61
823 1355 895 1419 1666
912 1355 1015 1420 Andr.
1031 1355 1082 1420 III
1100 1357 1128 1440 1,
1146 1355 1187 1418 15
1209 1355 1247 1418 L.
1265 1355 1303 1419 L.
1322 1356 1348 1418 V
1364 1354 1417 1438 69,
1439 1357 1635 1441 mancipium

233 1460 320 1546 quod
353 1483 452 1524 manu
486 1462 610 1546 capitur
634 1460 747 1525 111111
772 1462 799 1544 1,
821 1460 862 1523 28
891 1461 929 1525 L.
952 1461 990 1524 L.
1007 1461 1055 1525 Vl
1083 1459 1135 1544 85,
1170 1460 1320 1524 meridies
1354 1463 1445 1545 quasi
1478 1459 1636 1524 medidies

232 1565 295 1630 Ad.
313 1565 344 1629 V
359 1565 390 1648 3,
407 1565 449 1628 62
471 1565 509 1628 L.
526 1565 565 1629 L.
582 1565 630 1629 VI
652 1564 711 1650 4²)
758 1565 815 1629 sed
838 1589 916 1630 num
931 1565 1078 1630 Donatus
1098 1565 1150 1630 vel
1173 1567 1204 1649 ii,
1228 1588 1248 1629 a
1271 1565 1388 1650 quibus
1409 1565 1492 1629 haec
1515 1565 1635 1629 scholia

232 1671 377 1757 profecta
404 1679 488 1752 sunt,
512 1671 667 1734 Varronis
690 1669 780 1734 libris
803 1673 879 1755 ipsis
908 1673 958 1734 usi
980 1673 1043 1735 sint
1070 1693 1167 1756 quam
1190 1672 1331 1734 maxime
1359 1669 1499 1734 dubitari
1521 1679 1635 1755 potest,

233 1799 307 1840 cum
337 1775 405 1839 aliis
436 1774 563 1838 scholiis
595 1776 662 1838 eius
689 1777 820 1859 generis
848 1778 1003 1860 respectis
1035 1775 1236 1860 comprobari
1267 1777 1366 1860 possit
1396 1797 1436 1838 ea
1462 1774 1505 1838 ad
1528 1775 1635 1839 Verrii

232 1880 344 1945 Flacci
369 1879 467 1944 libros
495 1879 536 1943 de
560 1879 733 1944 verborum
761 1881 943 1966 significatu
970 1880 1088 1961 redire,
1117 1903 1196 1966 quos
1223 1882 1362 1965 primum
1389 1880 1489 1944 altero
1511 1879 1580 1944 fere
1603 1902 1634 1964 p.

233 1984 292 2050 Oh.
308 2009 339 2050 n.
364 1984 491 2048 saeculo
514 1985 656 2067 Festum,
685 1984 802 2049 deinde
830 1995 944 2050 octavo
967 1985 1103 2049 Paulum
1131 1987 1163 2048 in
1186 1984 1318 2049 brevius
1342 1987 1540 2048 contraxisse
1563 2007 1635 2049 con-

232 2099 303 2155 stat.
349 2093 456 2176 itaque
474 2113 548 2153 oum
568 2089 656 2154 Festi
677 2093 816 2174 epitoma
836 2100 876 2173 et,
902 2113 976 2154 cum
996 2090 1050 2154 illa
1069 2113 1133 2154 non
1152 2093 1278 2174 integra
1299 2089 1343 2154 ad
1363 2112 1420 2152 nos
1441 2092 1635 2174 pervenerit,

233 2218 307 2259 oum
329 2195 422 2258 Pauli
446 2197 609 2279 excerptis
631 2195 714 2259 baec
737 2195 857 2259 scholia
881 2197 1079 2280 conspirant:
1103 2194 1265 2259 Phorml
1287 2195 1318 2276 4,
1333 2193 1375 2258 53
1397 2186 1636 2259 ‘succenturiati

233 2299 383 2364 dicuntur
413 2301 468 2385 qui
498 2298 680 2385 explendae
712 2303 876 2364 centuriae
907 2303 1012 2385 gratia
1043 2299 1204 2364 subiciunt
1236 2321 1272 2362 se
1302 2299 1344 2362 ad
1375 2299 1635 2384 supplementum

233 2400 374 2488 ordinis',
406 2405 493 2469 Fest.
510 2428 540 2490 p.
558 2405 632 2487 442,
650 2405 692 2468 25
708 2405 747 2469 Τ.
778 2397 1030 2469 ‘succenturiare
1054 2415 1102 2468 661
1125 2403 1306 2489 explendae
1337 2406 1500 2467 centuriae
1531 2406 1636 2489 gratia

233 2508 393 2595 supplere,
417 2505 620 2595 subicere'.3)
643 2549 686 2556 —
710 2511 791 2574 Η66.
808 2510 842 2574 ΙΙ
868 2513 895 2592 1,
912 2511 952 2572 41
977 2501 1115 2595 ‘oppido
1139 2508 1246 2572 valde.
1269 2507 1433 2573 translatio
1455 2532 1475 2572 a
1498 2510 1635 2592 rusticis,

233 2618 288 2700 qui
316 2617 503 2699 interrogati
533 2614 804 2700 quemadmodum
834 2615 945 2699 fruges
972 2616 1195 2700 provenissent
1221 2612 1475 2698 respondebant:
1507 2612 1634 2698 oppido,

232 2720 265 2784 id
290 2729 337 2783 est
361 2719 528 2804 quaesibi
552 2730 584 2783 et
607 2720 723 2804 oppido
747 2720 898 2783 sufficere
921 2713 1108 2804 potuissent’
1135 2710 1227 2782 Paul.
1251 2741 1281 2803 p.
1299 2716 1373 2801 207,
1390 2718 1410 2780 6
1425 2719 1463 2782 Τ.
1491 2709 1634 2804 ‘oppidoz

231 2825 338 2908 valde,
366 2825 510 2889 multum.
556 2835 660 2889 ortum
688 2835 735 2889 est
762 2835 869 2890 autem
897 2824 958 2888 hoc
986 2823 1123 2888 verbum
1150 2846 1193 2887 ex
1220 2845 1367 2887 sermone
1394 2825 1477 2886 inter
1504 2844 1539 2886 se
1563 2845 1634 2886 con-

232 2929 454 3013 fabulantium,
471 2940 627 3016 quantum
643 2933 778 3015 quisque
794 2930 925 3014 frugum
939 2930 1072 3013 faceret,
1089 2937 1187 3013 utque
1203 2927 1372 2992 multitudo
1388 2928 1634 3012 significaretur,

233 3058 330 3120 saepe
345 3035 615 3120 respondebatur:
633 3045 788 3120 quantum
800 3035 853 3098 vel
869 3034 986 3120 oppido
1002 3037 1079 3097 satis
1095 3027 1197 3097 esset'.
1216 3071 1259 3079 —
1274 3030 1338 3096 Ad.
1351 3032 1402 3096 ΙΙΙ
1418 3032 1448 3115 3,
1461 3032 1482 3095 5
1497 3024 1634 3096 ‘veteres

182 3135 187 3144 ’
231 3163 370 3224 ganeam
385 3140 630 3204 subterraneam
646 3141 815 3204 tabernam
840 3140 992 3203 dixerunt
1014 3142 1082 3203 ἀπὸ
1096 3147 1152 3226 τῆς
1174 3135 1275 3222 γαίης,
1298 3130 1385 3201 τοῦτ’
1408 3135 1477 3201 ἔστι
1499 3145 1555 3222 τῆς
1569 3146 1635 3224 γῆς,

233 3244 318 3331 quod
333 3247 404 3331 ipsa
419 3247 459 3308 sit
474 3247 506 3308 in
522 3255 618 3328 terra,
642 3268 706 3308 non
728 3256 763 3309 ut
779 3245 935 3308 cenacula
951 3236 1119 3329 superius',
1143 3241 1233 3306 Paul.
1250 3265 1280 3327 p.
1295 3241 1346 3324 68,
1363 3240 1402 3303 21
1421 3241 1459 3304 T.
1483 3232 1635 3325 ‘ganeum

232 3353 355 3434 antiqui
383 3341 489 3414 lo'cum
519 3349 665 3414 abditum
695 3373 733 3414 66
756 3349 845 3414 velut
875 3349 935 3413 sub
964 3360 1051 3412 16116
1074 3348 1235 3411 dixerunt.
1267 3341 1450 3410 Terentius’
1478 3345 1636 3432 (sequitur

232 3476 345 3519 versus
368 3453 432 3518 Ad.
449 3454 500 3519 ΠΙ
523 3454 553 3538 3,
570 3454 614 3539 5).
635 3493 679 3500 -
694 3453 830 3519 11111111
856 3455 883 3537 1,
901 3453 942 3516 58
965 3447 1030 3516 ‘dic
1052 3453 1278 3536 imperativum
1301 3460 1358 3533 est,
1382 3450 1455 3514 ideo
1477 3459 1635 3535 tempera-

232 3561 278 3623 vit
292 3561 440 3622 iniuriam
459 3558 679 3623 blandimento
696 3551 822 3642 ‘sodes'3
848 3569 896 3622 est
911 3568 1019 3622 autem
1039 3549 1157 3620 ‘sodes'
1176 3558 1202 3619 si
1222 3555 1333 3637 audes,
1354 3566 1389 3619 ut
1408 3547 1474 3618 ‘sis'
1493 3557 1520 3617 si
1534 3549 1634 3638 vis',⁴)

232 3665 322 3729 Paul.
338 3664 413 3747 423,
432 3664 472 3726 14
487 3664 525 3727 T.
562 3657 668 3727 ‘sodes
692 3666 718 3727 si
741 3663 851 3746 audes,
875 3665 922 3726 uti
944 3665 987 3726 sis
1009 3684 1068 3747 pro
1089 3664 1115 3724 si
1130 3662 1180 3724 vis
1197 3712 1204 3724 .
1223 3712 1229 3724 .
1248 3711 1254 3723 .
1272 3653 1454 3755 Terentius'
1476 3658 1635 3744 (sequitur

234 3791 345 3832 versus
369 3768 505 3833 Andr.l
531 3769 558 3850 1,
574 3767 640 3852 58).
687 3768 735 3832 his
759 3768 916 3852 exemplis
940 3765 1166 3851 comprobatur
1188 3763 1309 3828 scholia
1331 3766 1525 3846 Donatiana,
1549 3763 1635 3847 quod

232 3873 275 3938 ad
303 3873 512 3960 etymologias
540 3875 685 3958 pertinet,
714 3883 782 3937 arto
811 3873 951 3959 quodam
974 3871 1103 3936 vinculo
1131 3892 1205 3933 cum
1228 3871 1317 3932 Festi
1344 3870 1482 3954 epitoma
1509 3889 1636 3931 conexa

233 4001 313 4042 esse.
360 3977 475 4063 quodsi
502 3977 656 4042 scholium
679 3977 743 4041 Ad.
760 3978 811 4041 III
835 3977 902 4059 3,5
930 3977 1024 4061 paulo
1048 3976 1205 4059 copiosius
1230 3983 1278 4037 est
1300 3973 1392 4037 Pauli
1418 3971 1634 4054 adnotatione,

232 4082 265 4147 id
287 4105 352 4147 non
368 4084 546 4166 miraberis
570 4085 596 4146 si
619 4093 775 4168 quantum
791 4081 943 4146 differant
966 4088 1121 4165 excerpta
1136 4078 1229 4143 Pauli
1252 4078 1293 4142 ab
1316 4077 1464 4142 ubertate
1487 4087 1636 4163 quaeest

336 4301 357 4367 ¹)
376 4303 404 4351 in
422 4301 491 4352 libro
510 4304 594 4368 primo
614 4317 673 4352 eam
692 4302 805 4366 positam
824 4302 907 4350 fuisse
925 4302 1040 4351 coniecit
1058 4301 1092 4348 H.
1106 4301 1220 4350 Kottner
1238 4315 1264 4364 p.
1278 4299 1318 4348 29.

336 4387 357 4453 ²)
377 4390 469 4440 eadem
483 4390 644 4455 etymologia
657 4393 876 4440 commemoratur
890 4389 944 4438 Cic.
958 4387 1002 4437 Or.
1018 4389 1067 4439 157
1085 4388 1175 4448 Quint.
1190 4387 1254 4436 Inst.
1268 4386 1367 4446 6116,
1381 4386 1414 4432 30
1432 4383 1547 4447 aliisque
1560 4382 1635 4433 locis.

336 4477 493 4544 3)1661161111
515 4479 630 4528 Mueller
652 4481 680 4528 in
704 4479 874 4528 adnotatione
898 4494 923 4543 p.
937 4479 988 4533 307
1011 4477 1111 4526 Donati
1139 4475 1279 4537 scholium,
1306 4473 1352 4523 sed
1379 4471 1447 4521 falso
1471 4470 1505 4522 ad
1527 4470 1636 4520 Andr]

232 4570 257 4631 4,
271 4567 303 4616 51
324 4567 435 4616 rettulit.

335 4652 357 4719 ⁴)
375 4655 485 4704 reicitur
501 4653 580 4703 simul
597 4654 682 4703 altera
700 4655 771 4703 vocis
790 4649 882 4704 ‘sodes’
900 4652 1043 4718 explicatio
1060 4651 1101 4700 his
1118 4651 1218 4700 verbis:
1239 4645 1309 4700 ‘nam
1328 4647 1425 4696 delirat
1443 4648 1489 4713 qui
1506 4651 1575 4703 σῶος
1591 4645 1636 4716 ζῇς

232 4744 423 4809 interpretatur
441 4737 533 4792 sodes'.
