<?xml version="1.0" encoding="UTF-8"?>
<!DOCTYPE html PUBLIC "-//W3C//DTD XHTML 1.0 Transitional//EN"
    "http://www.w3.org/TR/xhtml1/DTD/xhtml1-transitional.dtd">
<html xmlns="http://www.w3.org/1999/xhtml" xml:lang="en" lang="en">
 <head>
  <title>
</title>
<meta http-equiv="Content-Type" content="text/html;charset=utf-8" />
  <meta name='ocr-system' content='tesseract 3.04.00' />
  <meta name='ocr-capabilities' content='ocr_page ocr_carea ocr_par ocr_line ocrx_word'/>
</head>
<body>
  <div class='ocr_page' id='page_1' title='image "./dissertationesp05wiengoog_0095.png"; bbox 0 0 3542 5059; ppageno 0'>
   <div class='ocr_carea' id='block_1_1' title="bbox 244 237 287 302">
    <p class='ocr_par' dir='ltr' id='par_1_1' title="bbox 244 237 287 302">
     <span class='ocr_line' id='line_1_1' title="bbox 244 237 287 302; baseline 0 0"><span class='ocrx_word' id='word_1_1' title='bbox 244 237 287 302; x_wconf 83' lang='grc'>34</span> 
     </span>
    </p>
   </div>
   <div class='ocr_carea' id='block_1_2' title="bbox 242 428 1650 4810">
    <p class='ocr_par' dir='ltr' id='par_1_2' title="bbox 242 428 1650 4810">
     <span class='ocr_line' id='line_1_2' title="bbox 245 428 1647 519; baseline 0.003 -24"><span class='ocrx_word' id='word_1_2' title='bbox 245 428 370 510; x_wconf 81' lang='grc' dir='ltr'><strong><em>στάζων</em></strong></span> <span class='ocrx_word' id='word_1_3' title='bbox 396 430 481 495; x_wconf 81' lang='grc' dir='ltr'><strong><em>διιόν</em></strong></span> <span class='ocrx_word' id='word_1_4' title='bbox 508 429 562 516; x_wconf 86' lang='lat' dir='ltr'>(cf.</span> <span class='ocrx_word' id='word_1_5' title='bbox 580 453 610 517; x_wconf 92' lang='lat' dir='ltr'>p.</span> <span class='ocrx_word' id='word_1_6' title='bbox 628 430 671 495; x_wconf 88' lang='grc'><strong>32</strong></span> <span class='ocrx_word' id='word_1_7' title='bbox 693 431 769 495; x_wconf 88' lang='lat' dir='ltr'>adn.</span> <span class='ocrx_word' id='word_1_8' title='bbox 786 430 837 518; x_wconf 84' lang='lat'>4),</span> <span class='ocrx_word' id='word_1_9' title='bbox 865 429 930 494; x_wconf 83' lang='grc'>945</span> <span class='ocrx_word' id='word_1_10' title='bbox 956 428 1011 495; x_wconf 84' lang='grc' dir='ltr'>καί</span> <span class='ocrx_word' id='word_1_11' title='bbox 1036 430 1071 495; x_wconf 75' lang='grc' dir='ltr'>δν</span> <span class='ocrx_word' id='word_1_12' title='bbox 1091 431 1284 514; x_wconf 80' lang='grc' dir='ltr'><strong><em>κακλάμινον</em></strong></span> <span class='ocrx_word' id='word_1_13' title='bbox 1306 429 1443 517; x_wconf 89' lang='grc' dir='ltr'><strong><em>ἀγείρας,</em></strong></span> <span class='ocrx_word' id='word_1_14' title='bbox 1465 432 1518 497; x_wconf 86' lang='lat' dir='ltr'>Al.</span> <span class='ocrx_word' id='word_1_15' title='bbox 1533 433 1577 497; x_wconf 85' lang='grc'>46</span> <span class='ocrx_word' id='word_1_16' title='bbox 1600 456 1647 519; x_wconf 87' lang='lat' dir='ltr'>sq.</span> 
     </span>
     <span class='ocr_line' id='line_1_3' title="bbox 244 532 1645 625; baseline 0.001 -26"><span class='ocrx_word' id='word_1_17' title='bbox 244 539 302 599; x_wconf 84' lang='grc' dir='ltr'><strong><em>σὺν</em></strong></span> <span class='ocrx_word' id='word_1_18' title='bbox 324 535 360 600; x_wconf 82' lang='grc' dir='ltr'>δὲ</span> <span class='ocrx_word' id='word_1_19' title='bbox 381 532 435 599; x_wconf 87' lang='grc' dir='ltr'>καί</span> <span class='ocrx_word' id='word_1_20' title='bbox 457 536 649 620; x_wconf 76' lang='grc' dir='ltr'><strong><em>άβροτόνοιο</em></strong></span> <span class='ocrx_word' id='word_1_21' title='bbox 664 538 775 621; x_wconf 89' lang='grc' dir='ltr'><strong><em>ταμὼν</em></strong></span> <span class='ocrx_word' id='word_1_22' title='bbox 788 534 855 601; x_wconf 75' lang='grc' dir='ltr'>ἀπο</span> <span class='ocrx_word' id='word_1_23' title='bbox 870 535 988 601; x_wconf 80' lang='grc' dir='ltr'><strong><em>καύλεα</em></strong></span> <span class='ocrx_word' id='word_1_24' title='bbox 1003 538 1131 621; x_wconf 86' lang='grc' dir='ltr'><strong><em>θάμνου</em></strong></span> <span class='ocrx_word' id='word_1_25' title='bbox 1151 534 1156 621; x_wconf 76' lang='grc' dir='ltr'>Ι</span> <span class='ocrx_word' id='word_1_26' title='bbox 1175 536 1196 621; x_wconf 79' lang='grc' dir='ltr'>ἢ</span> <span class='ocrx_word' id='word_1_27' title='bbox 1210 535 1342 619; x_wconf 80' lang='grc' dir='ltr'><strong><em>χλοεροῦ</em></strong></span> <span class='ocrx_word' id='word_1_28' title='bbox 1355 534 1520 621; x_wconf 79' lang='grc' dir='ltr'><strong><em>τρασίοιο,</em></strong></span> <span class='ocrx_word' id='word_1_29' title='bbox 1544 537 1586 601; x_wconf 81' lang='lat'>56</span> <span class='ocrx_word' id='word_1_30' title='bbox 1599 560 1645 625; x_wconf 88' lang='lat' dir='ltr'>sq.</span> 
     </span>
     <span class='ocr_line' id='line_1_4' title="bbox 245 634 1647 729; baseline 0.002 -25"><span class='ocrx_word' id='word_1_31' title='bbox 245 634 313 704; x_wconf 83' lang='grc' dir='ltr'><strong><em>τότ’</em></strong></span> <span class='ocrx_word' id='word_1_32' title='bbox 336 636 476 719; x_wconf 87' lang='grc' dir='ltr'><strong><em>δνίτιδος</em></strong></span> <span class='ocrx_word' id='word_1_33' title='bbox 498 636 576 706; x_wconf 81' lang='grc' dir='ltr'><strong><em>αύον</em></strong></span> <span class='ocrx_word' id='word_1_34' title='bbox 597 637 702 727; x_wconf 89' lang='grc' dir='ltr'><strong><em>όρείης</em></strong></span> <span class='ocrx_word' id='word_1_35' title='bbox 721 639 725 726; x_wconf 93' lang='grc' dir='ltr'>Ι</span> <span class='ocrx_word' id='word_1_36' title='bbox 745 641 781 729; x_wconf 78' lang='grc' dir='ltr'>ήὲ</span> <span class='ocrx_word' id='word_1_37' title='bbox 808 640 879 707; x_wconf 80' lang='grc' dir='ltr'><strong><em>νόον</em></strong></span> <span class='ocrx_word' id='word_1_38' title='bbox 906 639 1022 726; x_wconf 81' lang='grc' dir='ltr'><strong><em>ῥάδικα</em></strong></span> <span class='ocrx_word' id='word_1_39' title='bbox 1045 639 1265 727; x_wconf 78' lang='grc' dir='ltr'><strong><em>πολυκνήμοιο</em></strong></span> <span class='ocrx_word' id='word_1_40' title='bbox 1287 641 1445 720; x_wconf 84' lang='grc' dir='ltr'><strong><em>κολούσας</em></strong></span> <span class='ocrx_word' id='word_1_41' title='bbox 1467 640 1545 728; x_wconf 82' lang='grc' dir='ltr'><strong><em>(ησο</em></strong></span> <span class='ocrx_word' id='word_1_42' title='bbox 1567 640 1647 727; x_wconf 85' lang='grc' dir='ltr'><strong><em>Ῑοοο,</em></strong></span> 
     </span>
     <span class='ocr_line' id='line_1_5' title="bbox 245 740 1647 833; baseline 0.001 -25"><span class='ocrx_word' id='word_1_43' title='bbox 245 746 273 809; x_wconf 88' lang='lat' dir='ltr'>si</span> <span class='ocrx_word' id='word_1_44' title='bbox 285 742 404 809; x_wconf 92' lang='lat' dir='ltr'>librum</span> <span class='ocrx_word' id='word_1_45' title='bbox 420 748 466 828; x_wconf 87' lang='lat' dir='ltr'>H,</span> <span class='ocrx_word' id='word_1_46' title='bbox 491 745 593 831; x_wconf 91' lang='lat' dir='ltr'>quiin</span> <span class='ocrx_word' id='word_1_47' title='bbox 608 767 706 810; x_wconf 89' lang='lat' dir='ltr'>versu</span> <span class='ocrx_word' id='word_1_48' title='bbox 722 743 764 809; x_wconf 85' lang='lat'>58</span> <span class='ocrx_word' id='word_1_49' title='bbox 787 743 935 831; x_wconf 81' lang='grc' dir='ltr'><strong><em>τέτρασιν</em></strong></span> <span class='ocrx_word' id='word_1_50' title='bbox 951 740 981 811; x_wconf 83' lang='grc' dir='ltr'>δ’</span> <span class='ocrx_word' id='word_1_51' title='bbox 996 746 1030 810; x_wconf 82' lang='grc' dir='ltr'>όν</span> <span class='ocrx_word' id='word_1_52' title='bbox 1048 744 1192 830; x_wconf 84' lang='lat' dir='ltr'>praebet,</span> <span class='ocrx_word' id='word_1_53' title='bbox 1216 747 1390 830; x_wconf 85' lang='lat' dir='ltr'>sequimur,</span> <span class='ocrx_word' id='word_1_54' title='bbox 1406 746 1563 825; x_wconf 82' lang='grc' dir='ltr'><strong><em>κολούσας</em></strong></span> <span class='ocrx_word' id='word_1_55' title='bbox 1577 769 1647 833; x_wconf 86' lang='lat' dir='ltr'>par-</span> 
     </span>
     <span class='ocr_line' id='line_1_6' title="bbox 242 847 1648 939; baseline 0.004 -26"><span class='ocrx_word' id='word_1_56' title='bbox 242 849 386 936; x_wconf 89' lang='lat' dir='ltr'>ticipium</span> <span class='ocrx_word' id='word_1_57' title='bbox 396 847 498 914; x_wconf 91' lang='lat' dir='ltr'>libere</span> <span class='ocrx_word' id='word_1_58' title='bbox 511 849 691 915; x_wconf 89' lang='lat' dir='ltr'>adhibitum</span> <span class='ocrx_word' id='word_1_59' title='bbox 703 849 929 936; x_wconf 86' lang='lat' dir='ltr'>accipiendum</span> <span class='ocrx_word' id='word_1_60' title='bbox 941 857 999 930; x_wconf 86' lang='lat' dir='ltr'>est,</span> <span class='ocrx_word' id='word_1_61' title='bbox 1016 851 1064 914; x_wconf 92' lang='lat' dir='ltr'>sin</span> <span class='ocrx_word' id='word_1_62' title='bbox 1081 849 1220 937; x_wconf 88' lang='lat' dir='ltr'>reliquos</span> <span class='ocrx_word' id='word_1_63' title='bbox 1235 848 1343 936; x_wconf 91' lang='lat' dir='ltr'>libros,</span> <span class='ocrx_word' id='word_1_64' title='bbox 1359 852 1392 915; x_wconf 91' lang='lat' dir='ltr'>in</span> <span class='ocrx_word' id='word_1_65' title='bbox 1408 850 1526 937; x_wconf 90' lang='lat' dir='ltr'>quibus</span> <span class='ocrx_word' id='word_1_66' title='bbox 1540 849 1648 939; x_wconf 77' lang='grc' dir='ltr'><strong><em>τέτρα-</em></strong></span> 
     </span>
     <span class='ocr_line' id='line_1_7' title="bbox 244 953 1649 1041; baseline 0.001 -22"><span class='ocrx_word' id='word_1_67' title='bbox 244 975 296 1020; x_wconf 85' lang='grc' dir='ltr'>σιν</span> <span class='ocrx_word' id='word_1_68' title='bbox 317 954 351 1019; x_wconf 78' lang='grc' dir='ltr'>όν</span> <span class='ocrx_word' id='word_1_69' title='bbox 374 962 465 1019; x_wconf 80' lang='lat' dir='ltr'>extet</span> <span class='ocrx_word' id='word_1_70' title='bbox 486 953 633 1019; x_wconf 88' lang='lat' dir='ltr'>omnibus</span> <span class='ocrx_word' id='word_1_71' title='bbox 660 964 735 1019; x_wconf 92' lang='lat' dir='ltr'>ante</span> <span class='ocrx_word' id='word_1_72' title='bbox 762 953 802 1019; x_wconf 91' lang='grc' dir='ltr'>Ο.</span> <span class='ocrx_word' id='word_1_73' title='bbox 824 954 1059 1019; x_wconf 86' lang='lat' dir='ltr'>Schneiderum</span> <span class='ocrx_word' id='word_1_74' title='bbox 1086 953 1272 1041; x_wconf 86' lang='lat' dir='ltr'>probatum,</span> <span class='ocrx_word' id='word_1_75' title='bbox 1297 954 1453 1035; x_wconf 89' lang='grc' dir='ltr'><strong><em>κολούσας</em></strong></span> <span class='ocrx_word' id='word_1_76' title='bbox 1473 956 1517 1020; x_wconf 86' lang='lat' dir='ltr'>ad</span> <span class='ocrx_word' id='word_1_77' title='bbox 1539 957 1649 1038; x_wconf 81' lang='grc' dir='ltr'><strong><em>χαδεῖν</em></strong></span> 
     </span>
     <span class='ocr_line' id='line_1_8' title="bbox 244 1054 1650 1147; baseline 0.002 -24"><span class='ocrx_word' id='word_1_78' title='bbox 244 1058 406 1145; x_wconf 82' lang='lat' dir='ltr'>pertinet),</span> <span class='ocrx_word' id='word_1_79' title='bbox 430 1057 473 1122; x_wconf 87' lang='lat'>84</span> <span class='ocrx_word' id='word_1_80' title='bbox 494 1059 634 1125; x_wconf 76' lang='grc' dir='ltr'><strong><em>πολλάκι</em></strong></span> <span class='ocrx_word' id='word_1_81' title='bbox 656 1054 686 1125; x_wconf 83' lang='grc' dir='ltr'>δ’</span> <span class='ocrx_word' id='word_1_82' title='bbox 707 1060 743 1124; x_wconf 81' lang='grc' dir='ltr'>ἐν</span> <span class='ocrx_word' id='word_1_83' title='bbox 764 1056 918 1147; x_wconf 82' lang='grc' dir='ltr'><strong><em>φαέεσσιν</em></strong></span> <span class='ocrx_word' id='word_1_84' title='bbox 940 1058 1020 1146; x_wconf 83' lang='grc' dir='ltr'><strong><em>ἀλην</em></strong></span> <span class='ocrx_word' id='word_1_85' title='bbox 1039 1057 1200 1145; x_wconf 71' lang='grc' dir='ltr'><strong><em>διεριιδία</em></strong></span> <span class='ocrx_word' id='word_1_86' title='bbox 1222 1060 1372 1141; x_wconf 75' lang='grc' dir='ltr'><strong><em>λεύσσων,</em></strong></span> <span class='ocrx_word' id='word_1_87' title='bbox 1398 1059 1460 1124; x_wconf 98' lang='grc'><strong>113</strong></span> <span class='ocrx_word' id='word_1_88' title='bbox 1481 1057 1537 1127; x_wconf 88' lang='grc' dir='ltr'>καί</span> <span class='ocrx_word' id='word_1_89' title='bbox 1557 1058 1650 1126; x_wconf 83' lang='grc' dir='ltr'><strong><em>κενό</em></strong></span> 
     </span>
     <span class='ocr_line' id='line_1_9' title="bbox 244 1158 1648 1253; baseline 0.001 -25"><span class='ocrx_word' id='word_1_90' title='bbox 244 1159 275 1248; x_wconf 82' lang='grc' dir='ltr'>γ&gt;</span> <span class='ocrx_word' id='word_1_91' title='bbox 297 1163 411 1229; x_wconf 83' lang='grc' dir='ltr'><strong><em>ἀλλοτε</em></strong></span> <span class='ocrx_word' id='word_1_92' title='bbox 434 1164 541 1249; x_wconf 78' lang='grc' dir='ltr'><strong><em>δόριια</em></strong></span> <span class='ocrx_word' id='word_1_93' title='bbox 564 1162 759 1249; x_wconf 80' lang='grc' dir='ltr'><strong><em>δεδεγμένος,</em></strong></span> <span class='ocrx_word' id='word_1_94' title='bbox 784 1162 846 1227; x_wconf 88' lang='grc'>133</span> <span class='ocrx_word' id='word_1_95' title='bbox 869 1185 939 1250; x_wconf 87' lang='lat' dir='ltr'>sqq.</span> <span class='ocrx_word' id='word_1_96' title='bbox 967 1164 1089 1251; x_wconf 79' lang='grc' dir='ltr'><strong><em>δήποτε</em></strong></span> <span class='ocrx_word' id='word_1_97' title='bbox 1112 1158 1142 1230; x_wconf 84' lang='grc' dir='ltr'>δ’</span> <span class='ocrx_word' id='word_1_98' title='bbox 1163 1164 1184 1252; x_wconf 80' lang='grc' dir='ltr'>ἢ</span> <span class='ocrx_word' id='word_1_99' title='bbox 1205 1165 1333 1231; x_wconf 89' lang='grc' dir='ltr'><strong><em>σιάλοιο</em></strong></span> <span class='ocrx_word' id='word_1_100' title='bbox 1355 1165 1514 1253; x_wconf 82' lang='grc' dir='ltr'><strong><em>καρήατος</em></strong></span> <span class='ocrx_word' id='word_1_101' title='bbox 1534 1166 1571 1251; x_wconf 70' lang='lat' dir='ltr'>rii</span> <span class='ocrx_word' id='word_1_102' title='bbox 1593 1162 1648 1231; x_wconf 85' lang='grc' dir='ltr'>καί</span> 
     </span>
     <span class='ocr_line' id='line_1_10' title="bbox 245 1265 1646 1357; baseline 0 -24"><span class='ocrx_word' id='word_1_103' title='bbox 245 1270 345 1353; x_wconf 81' lang='grc' dir='ltr'><strong><em>ἀμνοῦ</em></strong></span> <span class='ocrx_word' id='word_1_104' title='bbox 364 1267 369 1353; x_wconf 69' lang='lat' dir='ltr'>i</span> <span class='ocrx_word' id='word_1_105' title='bbox 390 1318 398 1333; x_wconf 90' lang='lat'>.</span> <span class='ocrx_word' id='word_1_106' title='bbox 422 1319 430 1334; x_wconf 94' lang='lat'>.</span> <span class='ocrx_word' id='word_1_107' title='bbox 455 1318 462 1333; x_wconf 95' lang='lat'>.</span> <span class='ocrx_word' id='word_1_108' title='bbox 484 1266 488 1353; x_wconf 93' lang='grc' dir='ltr'>Ι</span> <span class='ocrx_word' id='word_1_109' title='bbox 507 1269 544 1357; x_wconf 82' lang='grc' dir='ltr'>ήὲ</span> <span class='ocrx_word' id='word_1_110' title='bbox 566 1265 638 1335; x_wconf 83' lang='grc' dir='ltr'><strong><em>νέον</em></strong></span> <span class='ocrx_word' id='word_1_111' title='bbox 663 1272 793 1354; x_wconf 87' lang='grc' dir='ltr'><strong><em>κορσεῖα</em></strong></span> <span class='ocrx_word' id='word_1_112' title='bbox 821 1272 933 1354; x_wconf 89' lang='grc' dir='ltr'><strong><em>ταμὼν</em></strong></span> <span class='ocrx_word' id='word_1_113' title='bbox 953 1268 1102 1351; x_wconf 77' lang='grc' dir='ltr'><strong><em>κορόενια</em></strong></span> <span class='ocrx_word' id='word_1_114' title='bbox 1123 1265 1273 1356; x_wconf 74' lang='grc' dir='ltr'><strong><em>χιμαίρης</em></strong></span> <span class='ocrx_word' id='word_1_115' title='bbox 1295 1266 1352 1354; x_wconf 89' lang='lat' dir='ltr'>(de</span> <span class='ocrx_word' id='word_1_116' title='bbox 1375 1291 1438 1355; x_wconf 92' lang='lat' dir='ltr'>quo</span> <span class='ocrx_word' id='word_1_117' title='bbox 1460 1268 1531 1335; x_wconf 92' lang='lat' dir='ltr'>loco</span> <span class='ocrx_word' id='word_1_118' title='bbox 1553 1270 1646 1334; x_wconf 91' lang='lat' dir='ltr'>inter-</span> 
     </span>
     <span class='ocr_line' id='line_1_11' title="bbox 245 1370 1646 1462; baseline 0.002 -25"><span class='ocrx_word' id='word_1_119' title='bbox 245 1373 420 1457; x_wconf 86' lang='lat' dir='ltr'>pungendo</span> <span class='ocrx_word' id='word_1_120' title='bbox 443 1373 548 1438; x_wconf 89' lang='lat' dir='ltr'>verba</span> <span class='ocrx_word' id='word_1_121' title='bbox 569 1372 633 1438; x_wconf 88' lang='lat' dir='ltr'>feci</span> <span class='ocrx_word' id='word_1_122' title='bbox 655 1396 686 1460; x_wconf 91' lang='lat' dir='ltr'>p.</span> <span class='ocrx_word' id='word_1_123' title='bbox 703 1374 743 1438; x_wconf 88' lang='grc'>31</span> <span class='ocrx_word' id='word_1_124' title='bbox 769 1371 844 1438; x_wconf 83' lang='lat' dir='ltr'>adn.</span> <span class='ocrx_word' id='word_1_125' title='bbox 865 1371 910 1460; x_wconf 85' lang='lat'>8),</span> <span class='ocrx_word' id='word_1_126' title='bbox 933 1371 999 1437; x_wconf 89' lang='grc'>202</span> <span class='ocrx_word' id='word_1_127' title='bbox 1020 1372 1096 1440; x_wconf 77' lang='grc' dir='ltr'><strong><em>τοτὲ</em></strong></span> <span class='ocrx_word' id='word_1_128' title='bbox 1117 1370 1230 1459; x_wconf 85' lang='grc' dir='ltr'><strong><em>νέκταρ</em></strong></span> <span class='ocrx_word' id='word_1_129' title='bbox 1251 1374 1323 1462; x_wconf 79' lang='grc' dir='ltr'><strong><em>ἀντῷ</em></strong></span> <span class='ocrx_word' id='word_1_130' title='bbox 1346 1371 1499 1459; x_wconf 80' lang='grc' dir='ltr'><strong><em>ίμτιευκίι</em></strong></span> <span class='ocrx_word' id='word_1_131' title='bbox 1520 1377 1646 1460; x_wconf 78' lang='grc' dir='ltr'><strong><em>χρόνος,</em></strong></span> 
     </span>
     <span class='ocr_line' id='line_1_12' title="bbox 243 1475 1647 1565; baseline 0.001 -24"><span class='ocrx_word' id='word_1_132' title='bbox 243 1476 308 1542; x_wconf 89' lang='grc'><strong>263</strong></span> <span class='ocrx_word' id='word_1_133' title='bbox 329 1476 385 1543; x_wconf 86' lang='grc' dir='ltr'>καί</span> <span class='ocrx_word' id='word_1_134' title='bbox 397 1478 432 1543; x_wconf 77' lang='grc' dir='ltr'>δν</span> <span class='ocrx_word' id='word_1_135' title='bbox 453 1480 668 1563; x_wconf 82' lang='grc' dir='ltr'><strong><em>στομάτεσσιν</em></strong></span> <span class='ocrx_word' id='word_1_136' title='bbox 689 1476 801 1565; x_wconf 79' lang='grc' dir='ltr'><strong><em>ἐρύξας</em></strong></span> <span class='ocrx_word' id='word_1_137' title='bbox 824 1476 903 1564; x_wconf 87' lang='lat' dir='ltr'>(quo</span> <span class='ocrx_word' id='word_1_138' title='bbox 921 1475 991 1543; x_wconf 92' lang='lat' dir='ltr'>loco</span> <span class='ocrx_word' id='word_1_139' title='bbox 1011 1475 1122 1561; x_wconf 74' lang='grc' dir='ltr'><strong><em>ἐρύξας</em></strong></span> <span class='ocrx_word' id='word_1_140' title='bbox 1145 1477 1202 1543; x_wconf 86' lang='lat' dir='ltr'>soli</span> <span class='ocrx_word' id='word_1_141' title='bbox 1219 1483 1257 1543; x_wconf 87' lang='lat' dir='ltr'><strong><em>H</em></strong></span> <span class='ocrx_word' id='word_1_142' title='bbox 1270 1478 1421 1561; x_wconf 81' lang='lat' dir='ltr'>debetur3</span> <span class='ocrx_word' id='word_1_143' title='bbox 1446 1481 1545 1544; x_wconf 88' lang='lat' dir='ltr'>ceteri</span> <span class='ocrx_word' id='word_1_144' title='bbox 1561 1480 1647 1543; x_wconf 91' lang='lat' dir='ltr'>enim</span> 
     </span>
     <span class='ocr_line' id='line_1_13' title="bbox 245 1581 1646 1671; baseline 0.001 -25"><span class='ocrx_word' id='word_1_145' title='bbox 245 1581 401 1647; x_wconf 81' lang='lat' dir='ltr'>exhibent</span> <span class='ocrx_word' id='word_1_146' title='bbox 429 1582 546 1671; x_wconf 80' lang='grc' dir='ltr'>ἐρύξειΙ</span> <span class='ocrx_word' id='word_1_147' title='bbox 561 1582 614 1649; x_wconf 88' lang='lat' dir='ltr'>vel</span> <span class='ocrx_word' id='word_1_148' title='bbox 647 1582 769 1669; x_wconf 80' lang='grc' dir='ltr'><strong><em>ἐρύξαι,</em></strong></span> <span class='ocrx_word' id='word_1_149' title='bbox 801 1582 886 1669; x_wconf 92' lang='lat' dir='ltr'>quod</span> <span class='ocrx_word' id='word_1_150' title='bbox 917 1583 942 1647; x_wconf 93' lang='grc' dir='ltr'>Ι.</span> <span class='ocrx_word' id='word_1_151' title='bbox 968 1583 1008 1649; x_wconf 84' lang='lat' dir='ltr'>G.</span> <span class='ocrx_word' id='word_1_152' title='bbox 1031 1581 1211 1647; x_wconf 81' lang='lat' dir='ltr'>Schneider</span> <span class='ocrx_word' id='word_1_153' title='bbox 1238 1592 1270 1648; x_wconf 92' lang='lat' dir='ltr'>et</span> <span class='ocrx_word' id='word_1_154' title='bbox 1296 1582 1402 1648; x_wconf 89' lang='lat' dir='ltr'>Lehrs</span> <span class='ocrx_word' id='word_1_155' title='bbox 1429 1583 1646 1669; x_wconf 80' lang='lat' dir='ltr'>receperimt),</span> 
     </span>
     <span class='ocr_line' id='line_1_14' title="bbox 244 1685 1646 1774; baseline 0.001 -24"><span class='ocrx_word' id='word_1_156' title='bbox 244 1686 306 1751; x_wconf 79' lang='grc'>267</span> <span class='ocrx_word' id='word_1_157' title='bbox 335 1687 415 1767; x_wconf 86' lang='grc' dir='ltr'><strong><em>ίσοις</em></strong></span> <span class='ocrx_word' id='word_1_158' title='bbox 435 1685 492 1754; x_wconf 85' lang='grc' dir='ltr'>καὶ</span> <span class='ocrx_word' id='word_1_159' title='bbox 512 1689 671 1770; x_wconf 79' lang='grc' dir='ltr'><strong><em>βατόεντα</em></strong></span> <span class='ocrx_word' id='word_1_160' title='bbox 694 1686 770 1774; x_wconf 81' lang='grc' dir='ltr'><strong><em>τιερί</em></strong></span> <span class='ocrx_word' id='word_1_161' title='bbox 796 1692 960 1774; x_wconf 80' lang='grc' dir='ltr'><strong><em>ιιτορθεῖα</em></strong></span> <span class='ocrx_word' id='word_1_162' title='bbox 989 1686 1148 1767; x_wconf 90' lang='grc' dir='ltr'><strong><em>κολούσας</em></strong></span> <span class='ocrx_word' id='word_1_163' title='bbox 1170 1686 1240 1774; x_wconf 90' lang='lat' dir='ltr'>(ubi</span> <span class='ocrx_word' id='word_1_164' title='bbox 1262 1689 1295 1752; x_wconf 93' lang='lat' dir='ltr'>in</span> <span class='ocrx_word' id='word_1_165' title='bbox 1317 1687 1398 1753; x_wconf 94' lang='lat' dir='ltr'>libro</span> <span class='ocrx_word' id='word_1_166' title='bbox 1421 1686 1592 1754; x_wconf 88' lang='lat' dir='ltr'>deterrimo</span> <span class='ocrx_word' id='word_1_167' title='bbox 1614 1688 1646 1751; x_wconf 91' lang='lat' dir='ltr'>V</span> 
     </span>
     <span class='ocr_line' id='line_1_15' title="bbox 244 1790 1648 1879; baseline 0.002 -23"><span class='ocrx_word' id='word_1_168' title='bbox 244 1800 277 1857; x_wconf 90' lang='lat' dir='ltr'>et</span> <span class='ocrx_word' id='word_1_169' title='bbox 299 1790 438 1858; x_wconf 84' lang='lat' dir='ltr'>editione</span> <span class='ocrx_word' id='word_1_170' title='bbox 460 1790 580 1857; x_wconf 86' lang='lat' dir='ltr'>Aldina</span> <span class='ocrx_word' id='word_1_171' title='bbox 602 1792 771 1871; x_wconf 88' lang='grc' dir='ltr'><strong><em>κολούσαις</em></strong></span> <span class='ocrx_word' id='word_1_172' title='bbox 792 1790 939 1879; x_wconf 83' lang='lat' dir='ltr'>legitur),</span> <span class='ocrx_word' id='word_1_173' title='bbox 963 1791 1025 1856; x_wconf 76' lang='lat'>307</span> <span class='ocrx_word' id='word_1_174' title='bbox 1049 1790 1197 1877; x_wconf 88' lang='grc' dir='ltr'><strong><em>λιμναίου</em></strong></span> <span class='ocrx_word' id='word_1_175' title='bbox 1218 1816 1255 1858; x_wconf 91' lang='grc' dir='ltr'>τε</span> <span class='ocrx_word' id='word_1_176' title='bbox 1276 1793 1383 1875; x_wconf 83' lang='grc' dir='ltr'><strong><em>χαδὼν</em></strong></span> <span class='ocrx_word' id='word_1_177' title='bbox 1404 1795 1473 1859; x_wconf 75' lang='grc' dir='ltr'>ἀπὸ</span> <span class='ocrx_word' id='word_1_178' title='bbox 1490 1797 1648 1879; x_wconf 90' lang='grc' dir='ltr'><strong><em>κάστορος</em></strong></span> 
     </span>
     <span class='ocr_line' id='line_1_16' title="bbox 244 1895 1646 1984; baseline -0.001 -21"><span class='ocrx_word' id='word_1_179' title='bbox 244 1896 346 1983; x_wconf 81' lang='grc' dir='ltr'><strong><em>δ’ρχιν,</em></strong></span> <span class='ocrx_word' id='word_1_180' title='bbox 376 1897 442 1962; x_wconf 83' lang='grc'><strong>352</strong></span> <span class='ocrx_word' id='word_1_181' title='bbox 470 1899 545 1963; x_wconf 85' lang='grc' dir='ltr'><strong><em>τοτὲ</em></strong></span> <span class='ocrx_word' id='word_1_182' title='bbox 575 1897 689 1983; x_wconf 89' lang='grc' dir='ltr'><strong><em>γλάγος</em></strong></span> <span class='ocrx_word' id='word_1_183' title='bbox 714 1898 762 1963; x_wconf 83' lang='grc' dir='ltr'>εἰν</span> <span class='ocrx_word' id='word_1_184' title='bbox 787 1895 836 1963; x_wconf 80' lang='grc' dir='ltr'>ἑνί</span> <span class='ocrx_word' id='word_1_185' title='bbox 857 1898 951 1979; x_wconf 89' lang='grc' dir='ltr'><strong><em>χεύας</em></strong></span> <span class='ocrx_word' id='word_1_186' title='bbox 981 1895 1051 1984; x_wconf 86' lang='lat' dir='ltr'>(ubi</span> <span class='ocrx_word' id='word_1_187' title='bbox 1073 1906 1211 1984; x_wconf 85' lang='lat' dir='ltr'>excepto</span> <span class='ocrx_word' id='word_1_188' title='bbox 1236 1901 1283 1981; x_wconf 86' lang='grc' dir='ltr'>Π,</span> <span class='ocrx_word' id='word_1_189' title='bbox 1310 1899 1343 1961; x_wconf 91' lang='lat' dir='ltr'>in</span> <span class='ocrx_word' id='word_1_190' title='bbox 1366 1919 1429 1984; x_wconf 92' lang='lat' dir='ltr'>quc</span> <span class='ocrx_word' id='word_1_191' title='bbox 1452 1898 1566 1979; x_wconf 87' lang='grc' dir='ltr'><strong><em>χεύσας</em></strong></span> <span class='ocrx_word' id='word_1_192' title='bbox 1588 1905 1646 1980; x_wconf 85' lang='lat' dir='ltr'>est,</span> 
     </span>
     <span class='ocr_line' id='line_1_17' title="bbox 243 1989 1647 2089; baseline 0.001 -25"><span class='ocrx_word' id='word_1_193' title='bbox 243 2000 333 2066; x_wconf 88' lang='lat' dir='ltr'>libris</span> <span class='ocrx_word' id='word_1_194' title='bbox 364 1989 512 2068; x_wconf 85' lang='lat' dir='ltr'>omnibus</span> <span class='ocrx_word' id='word_1_195' title='bbox 542 2001 681 2069; x_wconf 81' lang='lat' dir='ltr'>traditur</span> <span class='ocrx_word' id='word_1_196' title='bbox 709 2006 816 2084; x_wconf 85' lang='grc' dir='ltr'><strong><em>χεύαις</em></strong></span> <span class='ocrx_word' id='word_1_197' title='bbox 845 2010 920 2067; x_wconf 90' lang='lat' dir='ltr'>ante</span> <span class='ocrx_word' id='word_1_198' title='bbox 949 2001 989 2067; x_wconf 91' lang='grc' dir='ltr'>Ο.</span> <span class='ocrx_word' id='word_1_199' title='bbox 1011 2001 1246 2067; x_wconf 87' lang='lat' dir='ltr'>Schneiderum</span> <span class='ocrx_word' id='word_1_200' title='bbox 1276 2002 1471 2089; x_wconf 87' lang='lat' dir='ltr'>receptum),</span> <span class='ocrx_word' id='word_1_201' title='bbox 1502 2002 1566 2067; x_wconf 79' lang='lat'>355</span> <span class='ocrx_word' id='word_1_202' title='bbox 1593 2001 1647 2067; x_wconf 82' lang='grc' dir='ltr'><strong><em>όιί</em></strong></span> 
     </span>
     <span class='ocr_line' id='line_1_18' title="bbox 243 2103 1647 2195; baseline 0.002 -26"><span class='ocrx_word' id='word_1_203' title='bbox 243 2103 396 2191; x_wconf 79' lang='grc' dir='ltr'><strong><em>μυρτίδος</em></strong></span> <span class='ocrx_word' id='word_1_204' title='bbox 427 2106 533 2173; x_wconf 86' lang='grc' dir='ltr'><strong><em>οἰνάδι</em></strong></span> <span class='ocrx_word' id='word_1_205' title='bbox 558 2106 687 2189; x_wconf 77' lang='grc' dir='ltr'><strong><em>βάλλων</em></strong></span> <span class='ocrx_word' id='word_1_206' title='bbox 712 2105 791 2194; x_wconf 91' lang='lat' dir='ltr'>(quo</span> <span class='ocrx_word' id='word_1_207' title='bbox 817 2105 887 2171; x_wconf 92' lang='lat' dir='ltr'>loco</span> <span class='ocrx_word' id='word_1_208' title='bbox 915 2103 1081 2193; x_wconf 88' lang='grc' dir='ltr'><strong><em>μυρτίδος,</em></strong></span> <span class='ocrx_word' id='word_1_209' title='bbox 1109 2115 1146 2171; x_wconf 90' lang='lat' dir='ltr'>ut</span> <span class='ocrx_word' id='word_1_210' title='bbox 1172 2106 1294 2173; x_wconf 88' lang='lat' dir='ltr'>diversi</span> <span class='ocrx_word' id='word_1_211' title='bbox 1314 2106 1435 2194; x_wconf 88' lang='lat' dir='ltr'>aliquid</span> <span class='ocrx_word' id='word_1_212' title='bbox 1458 2130 1478 2172; x_wconf 91' lang='lat' dir='ltr'>a</span> <span class='ocrx_word' id='word_1_213' title='bbox 1499 2104 1647 2195; x_wconf 75' lang='grc' dir='ltr'><strong><em>μυραίνης</em></strong></span> 
     </span>
     <span class='ocr_line' id='line_1_19' title="bbox 243 2210 1648 2297; baseline 0.001 -22"><span class='ocrx_word' id='word_1_214' title='bbox 243 2212 384 2297; x_wconf 85' lang='grc' dir='ltr'><strong><em>ἀχράδας</em></strong></span> <span class='ocrx_word' id='word_1_215' title='bbox 399 2210 516 2296; x_wconf 86' lang='lat' dir='ltr'>valeat,</span> <span class='ocrx_word' id='word_1_216' title='bbox 539 2212 572 2275; x_wconf 91' lang='lat' dir='ltr'>in</span> <span class='ocrx_word' id='word_1_217' title='bbox 594 2214 703 2276; x_wconf 89' lang='lat' dir='ltr'>nescio</span> <span class='ocrx_word' id='word_1_218' title='bbox 726 2210 804 2297; x_wconf 92' lang='lat' dir='ltr'>quid</span> <span class='ocrx_word' id='word_1_219' title='bbox 826 2211 1018 2277; x_wconf 77' lang='lat' dir='ltr'>mutandum</span> <span class='ocrx_word' id='word_1_220' title='bbox 1040 2221 1103 2297; x_wconf 71' lang='lat' dir='ltr'>est,</span> <span class='ocrx_word' id='word_1_221' title='bbox 1126 2212 1303 2277; x_wconf 85' lang='lat' dir='ltr'>Eutecnius</span> <span class='ocrx_word' id='word_1_222' title='bbox 1325 2234 1403 2277; x_wconf 86' lang='lat' dir='ltr'>vero</span> <span class='ocrx_word' id='word_1_223' title='bbox 1425 2220 1481 2297; x_wconf 81' lang='grc' dir='ltr'>τῆς</span> <span class='ocrx_word' id='word_1_224' title='bbox 1502 2211 1648 2297; x_wconf 89' lang='grc' dir='ltr'><strong><em>σύρνιδος</em></strong></span> 
     </span>
     <span class='ocr_line' id='line_1_20' title="bbox 244 2313 1646 2406; baseline 0.001 -27"><span class='ocrx_word' id='word_1_225' title='bbox 244 2315 386 2400; x_wconf 86' lang='lat' dir='ltr'>exhibet,</span> <span class='ocrx_word' id='word_1_226' title='bbox 414 2318 533 2403; x_wconf 91' lang='lat' dir='ltr'>inquo</span> <span class='ocrx_word' id='word_1_227' title='bbox 556 2316 691 2382; x_wconf 86' lang='lat' dir='ltr'>fortasse</span> <span class='ocrx_word' id='word_1_228' title='bbox 713 2318 855 2403; x_wconf 84' lang='lat' dir='ltr'>genuina</span> <span class='ocrx_word' id='word_1_229' title='bbox 877 2315 971 2382; x_wconf 91' lang='lat' dir='ltr'>lectio</span> <span class='ocrx_word' id='word_1_230' title='bbox 994 2315 1097 2405; x_wconf 83' lang='lat' dir='ltr'>latet),</span> <span class='ocrx_word' id='word_1_231' title='bbox 1120 2316 1185 2382; x_wconf 76' lang='lat'>574</span> <span class='ocrx_word' id='word_1_232' title='bbox 1206 2315 1261 2383; x_wconf 82' lang='grc' dir='ltr'>δτὲ</span> <span class='ocrx_word' id='word_1_233' title='bbox 1282 2314 1405 2383; x_wconf 80' lang='grc' dir='ltr'><strong><em>πίσσαν</em></strong></span> <span class='ocrx_word' id='word_1_234' title='bbox 1426 2316 1461 2382; x_wconf 77' lang='grc' dir='ltr'>ἐν</span> <span class='ocrx_word' id='word_1_235' title='bbox 1480 2314 1549 2406; x_wconf 83' lang='grc' dir='ltr'><strong><em>ήδόι</em></strong></span> <span class='ocrx_word' id='word_1_236' title='bbox 1572 2313 1646 2401; x_wconf 88' lang='grc' dir='ltr'><strong><em>μίγ-</em></strong></span> 
     </span>
     <span class='ocr_line' id='line_1_21' title="bbox 243 2420 1645 2511; baseline 0 -27"><span class='ocrx_word' id='word_1_237' title='bbox 243 2443 336 2505; x_wconf 79' lang='grc' dir='ltr'><strong><em>μινος</em></strong></span> <span class='ocrx_word' id='word_1_238' title='bbox 362 2420 440 2511; x_wconf 84' lang='grc' dir='ltr'><strong><em>οίνη.</em></strong></span> <span class='ocrx_word' id='word_1_239' title='bbox 486 2421 535 2486; x_wconf 89' lang='lat' dir='ltr'>his</span> <span class='ocrx_word' id='word_1_240' title='bbox 563 2420 679 2487; x_wconf 88' lang='lat' dir='ltr'>dubios</span> <span class='ocrx_word' id='word_1_241' title='bbox 701 2420 787 2487; x_wconf 90' lang='lat' dir='ltr'>locos</span> <span class='ocrx_word' id='word_1_242' title='bbox 810 2420 945 2507; x_wconf 89' lang='lat' dir='ltr'>addam,</span> <span class='ocrx_word' id='word_1_243' title='bbox 975 2444 1029 2487; x_wconf 87' lang='lat' dir='ltr'>eos</span> <span class='ocrx_word' id='word_1_244' title='bbox 1057 2421 1139 2507; x_wconf 92' lang='lat' dir='ltr'>dico,</span> <span class='ocrx_word' id='word_1_245' title='bbox 1168 2422 1285 2509; x_wconf 88' lang='lat' dir='ltr'>quibus</span> <span class='ocrx_word' id='word_1_246' title='bbox 1310 2422 1385 2487; x_wconf 88' lang='lat' dir='ltr'>libri</span> <span class='ocrx_word' id='word_1_247' title='bbox 1412 2420 1560 2486; x_wconf 88' lang='lat' dir='ltr'>meliores</span> <span class='ocrx_word' id='word_1_248' title='bbox 1582 2442 1645 2485; x_wconf 91' lang='lat' dir='ltr'>non</span> 
     </span>
     <span class='ocr_line' id='line_1_22' title="bbox 244 2526 1646 2614; baseline 0.001 -25"><span class='ocrx_word' id='word_1_249' title='bbox 244 2526 458 2612; x_wconf 84' lang='lat' dir='ltr'>participium,</span> <span class='ocrx_word' id='word_1_250' title='bbox 493 2527 552 2591; x_wconf 90' lang='lat' dir='ltr'>sed</span> <span class='ocrx_word' id='word_1_251' title='bbox 581 2527 718 2592; x_wconf 91' lang='lat' dir='ltr'>verbum</span> <span class='ocrx_word' id='word_1_252' title='bbox 746 2528 872 2593; x_wconf 90' lang='lat' dir='ltr'>finitum</span> <span class='ocrx_word' id='word_1_253' title='bbox 902 2526 1045 2611; x_wconf 87' lang='lat' dir='ltr'>tradunt,</span> <span class='ocrx_word' id='word_1_254' title='bbox 1075 2535 1172 2614; x_wconf 86' lang='lat' dir='ltr'>atque</span> <span class='ocrx_word' id='word_1_255' title='bbox 1202 2550 1267 2609; x_wconf 85' lang='lat' dir='ltr'>ece,</span> <span class='ocrx_word' id='word_1_256' title='bbox 1298 2526 1414 2614; x_wconf 88' lang='lat' dir='ltr'>quibus</span> <span class='ocrx_word' id='word_1_257' title='bbox 1444 2527 1646 2613; x_wconf 86' lang='lat' dir='ltr'>participium</span> 
     </span>
     <span class='ocr_line' id='line_1_23' title="bbox 244 2630 1646 2721; baseline 0.001 -28"><span class='ocrx_word' id='word_1_258' title='bbox 244 2632 340 2695; x_wconf 88' lang='lat' dir='ltr'>etiam</span> <span class='ocrx_word' id='word_1_259' title='bbox 361 2632 395 2697; x_wconf 80' lang='lat' dir='ltr'>vi</span> <span class='ocrx_word' id='word_1_260' title='bbox 417 2631 509 2696; x_wconf 86' lang='lat' dir='ltr'>solita</span> <span class='ocrx_word' id='word_1_261' title='bbox 531 2634 670 2719; x_wconf 86' lang='lat' dir='ltr'>positum</span> <span class='ocrx_word' id='word_1_262' title='bbox 691 2634 795 2719; x_wconf 81' lang='lat' dir='ltr'>accipi</span> <span class='ocrx_word' id='word_1_263' title='bbox 817 2642 937 2718; x_wconf 85' lang='lat' dir='ltr'>potest:</span> <span class='ocrx_word' id='word_1_264' title='bbox 960 2632 1056 2697; x_wconf 86' lang='lat' dir='ltr'>Ther.</span> <span class='ocrx_word' id='word_1_265' title='bbox 1073 2630 1138 2696; x_wconf 82' lang='lat'>560</span> <span class='ocrx_word' id='word_1_266' title='bbox 1159 2635 1285 2717; x_wconf 78' lang='grc' dir='ltr'><strong><em>κάπρου</em></strong></span> <span class='ocrx_word' id='word_1_267' title='bbox 1306 2630 1310 2718; x_wconf 94' lang='grc' dir='ltr'>Ι</span> <span class='ocrx_word' id='word_1_268' title='bbox 1329 2634 1454 2721; x_wconf 84' lang='grc' dir='ltr'><strong><em>ήιτατος</em></strong></span> <span class='ocrx_word' id='word_1_269' title='bbox 1468 2633 1646 2717; x_wconf 80' lang='grc' dir='ltr'><strong><em>ἀκρότατον</em></strong></span> 
     </span>
     <span class='ocr_line' id='line_1_24' title="bbox 243 2733 1644 2824; baseline -0.001 -23"><span class='ocrx_word' id='word_1_270' title='bbox 243 2735 353 2821; x_wconf 77' lang='grc' dir='ltr'><strong><em>κύρσαι</em></strong></span> <span class='ocrx_word' id='word_1_271' title='bbox 376 2736 484 2818; x_wconf 78' lang='grc' dir='ltr'><strong><em>λοβόν,</em></strong></span> <span class='ocrx_word' id='word_1_272' title='bbox 514 2735 571 2801; x_wconf 91' lang='lat' dir='ltr'>ubi</span> <span class='ocrx_word' id='word_1_273' title='bbox 593 2745 724 2824; x_wconf 85' lang='lat' dir='ltr'>praeter</span> <span class='ocrx_word' id='word_1_274' title='bbox 745 2736 915 2819; x_wconf 81' lang='lat' dir='ltr'>HGKVv,</span> <span class='ocrx_word' id='word_1_275' title='bbox 946 2735 1117 2824; x_wconf 85' lang='lat' dir='ltr'>inquibus</span> <span class='ocrx_word' id='word_1_276' title='bbox 1139 2733 1253 2823; x_wconf 85' lang='grc' dir='ltr'><strong><em>κύρσαι</em></strong></span> <span class='ocrx_word' id='word_1_277' title='bbox 1274 2745 1365 2801; x_wconf 85' lang='lat' dir='ltr'>extat</span> <span class='ocrx_word' id='word_1_278' title='bbox 1393 2734 1435 2801; x_wconf 91' lang='lat' dir='ltr'>ab</span> <span class='ocrx_word' id='word_1_279' title='bbox 1459 2734 1498 2801; x_wconf 92' lang='grc' dir='ltr'>Ο.</span> <span class='ocrx_word' id='word_1_280' title='bbox 1516 2734 1644 2801; x_wconf 87' lang='lat' dir='ltr'>Schnei-</span> 
     </span>
     <span class='ocr_line' id='line_1_25' title="bbox 243 2838 1646 2928; baseline -0.001 -24"><span class='ocrx_word' id='word_1_281' title='bbox 243 2838 320 2904; x_wconf 89' lang='lat' dir='ltr'>dero</span> <span class='ocrx_word' id='word_1_282' title='bbox 350 2850 531 2927; x_wconf 90' lang='lat' dir='ltr'>receptum,</span> <span class='ocrx_word' id='word_1_283' title='bbox 563 2842 677 2928; x_wconf 89' lang='lat' dir='ltr'>rehqui</span> <span class='ocrx_word' id='word_1_284' title='bbox 704 2840 792 2926; x_wconf 92' lang='lat' dir='ltr'>libri,</span> <span class='ocrx_word' id='word_1_285' title='bbox 824 2863 905 2928; x_wconf 88' lang='lat' dir='ltr'>quos</span> <span class='ocrx_word' id='word_1_286' title='bbox 934 2841 960 2906; x_wconf 94' lang='lat' dir='ltr'>I.</span> <span class='ocrx_word' id='word_1_287' title='bbox 983 2840 1023 2907; x_wconf 76' lang='lat' dir='ltr'>Gr.</span> <span class='ocrx_word' id='word_1_288' title='bbox 1045 2839 1226 2907; x_wconf 86' lang='lat' dir='ltr'>Schneider</span> <span class='ocrx_word' id='word_1_289' title='bbox 1255 2850 1287 2905; x_wconf 90' lang='lat' dir='ltr'>et</span> <span class='ocrx_word' id='word_1_290' title='bbox 1308 2840 1415 2905; x_wconf 88' lang='lat' dir='ltr'>Lehrs</span> <span class='ocrx_word' id='word_1_291' title='bbox 1438 2840 1540 2906; x_wconf 88' lang='lat' dir='ltr'>secuti</span> <span class='ocrx_word' id='word_1_292' title='bbox 1562 2848 1646 2923; x_wconf 88' lang='lat' dir='ltr'>sunt,</span> 
     </span>
     <span class='ocr_line' id='line_1_26' title="bbox 242 2943 1646 3033; baseline -0.001 -23"><span class='ocrx_word' id='word_1_293' title='bbox 242 2943 356 3031; x_wconf 86' lang='grc' dir='ltr'><strong><em>κε’ρσας</em></strong></span> <span class='ocrx_word' id='word_1_294' title='bbox 377 2946 546 3033; x_wconf 83' lang='lat' dir='ltr'>praebent,</span> <span class='ocrx_word' id='word_1_295' title='bbox 574 2946 670 3033; x_wconf 92' lang='lat' dir='ltr'>quod,</span> <span class='ocrx_word' id='word_1_296' title='bbox 699 2948 725 3011; x_wconf 91' lang='lat' dir='ltr'>si</span> <span class='ocrx_word' id='word_1_297' title='bbox 747 2947 951 3033; x_wconf 82' lang='lat' dir='ltr'>frequentem</span> <span class='ocrx_word' id='word_1_298' title='bbox 974 2948 1133 3033; x_wconf 84' lang='lat' dir='ltr'>participii</span> <span class='ocrx_word' id='word_1_299' title='bbox 1155 2944 1313 3011; x_wconf 87' lang='lat' dir='ltr'>hberioris</span> <span class='ocrx_word' id='word_1_300' title='bbox 1335 2944 1423 3031; x_wconf 88' lang='lat' dir='ltr'>apud</span> <span class='ocrx_word' id='word_1_301' title='bbox 1445 2943 1646 3010; x_wconf 82' lang='lat' dir='ltr'>Nicandrum</span> 
     </span>
     <span class='ocr_line' id='line_1_27' title="bbox 244 3049 1647 3138; baseline 0.001 -25"><span class='ocrx_word' id='word_1_302' title='bbox 244 3072 338 3114; x_wconf 89' lang='lat' dir='ltr'>usum</span> <span class='ocrx_word' id='word_1_303' title='bbox 351 3052 551 3136; x_wconf 83' lang='lat' dir='ltr'>respicimus,</span> <span class='ocrx_word' id='word_1_304' title='bbox 563 3050 651 3116; x_wconf 90' lang='lat' dir='ltr'>haud</span> <span class='ocrx_word' id='word_1_305' title='bbox 664 3053 729 3116; x_wconf 88' lang='lat' dir='ltr'>scio</span> <span class='ocrx_word' id='word_1_306' title='bbox 741 3075 784 3117; x_wconf 84' lang='lat' dir='ltr'>an</span> <span class='ocrx_word' id='word_1_307' title='bbox 796 3053 971 3137; x_wconf 85' lang='lat' dir='ltr'>genuinum</span> <span class='ocrx_word' id='word_1_308' title='bbox 982 3050 1146 3135; x_wconf 83' lang='lat' dir='ltr'>videatur3</span> <span class='ocrx_word' id='word_1_309' title='bbox 1162 3050 1259 3117; x_wconf 86' lang='lat' dir='ltr'>Ther.</span> <span class='ocrx_word' id='word_1_310' title='bbox 1271 3050 1337 3115; x_wconf 82' lang='grc'><strong>923</strong></span> <span class='ocrx_word' id='word_1_311' title='bbox 1351 3049 1388 3137; x_wconf 68' lang='lat' dir='ltr'>rie*</span> <span class='ocrx_word' id='word_1_312' title='bbox 1402 3050 1521 3138; x_wconf 89' lang='grc' dir='ltr'><strong><em>κράδης</em></strong></span> <span class='ocrx_word' id='word_1_313' title='bbox 1534 3049 1647 3135; x_wconf 81' lang='grc' dir='ltr'><strong><em>γλαγό-</em></strong></span> 
     </span>
     <span class='ocr_line' id='line_1_28' title="bbox 244 3152 1646 3243; baseline -0.002 -23"><span class='ocrx_word' id='word_1_314' title='bbox 244 3178 318 3221; x_wconf 88' lang='grc' dir='ltr'><strong><em>εντα</em></strong></span> <span class='ocrx_word' id='word_1_315' title='bbox 342 3152 417 3243; x_wconf 73' lang='grc' dir='ltr'><strong><em>χέας</em></strong></span> <span class='ocrx_word' id='word_1_316' title='bbox 438 3158 531 3238; x_wconf 78' lang='grc' dir='ltr'><strong><em>διιόν,</em></strong></span> <span class='ocrx_word' id='word_1_317' title='bbox 555 3178 618 3242; x_wconf 90' lang='lat' dir='ltr'>quo</span> <span class='ocrx_word' id='word_1_318' title='bbox 640 3155 711 3221; x_wconf 92' lang='lat' dir='ltr'>loco</span> <span class='ocrx_word' id='word_1_319' title='bbox 733 3152 809 3237; x_wconf 82' lang='grc' dir='ltr'><strong><em>χόας</em></strong></span> <span class='ocrx_word' id='word_1_320' title='bbox 830 3155 884 3221; x_wconf 89' lang='lat' dir='ltr'>vel</span> <span class='ocrx_word' id='word_1_321' title='bbox 900 3178 974 3220; x_wconf 90' lang='lat' dir='ltr'>cum</span> <span class='ocrx_word' id='word_1_322' title='bbox 988 3156 1138 3235; x_wconf 87' lang='grc' dir='ltr'><strong><em>κενώσεις</em></strong></span> <span class='ocrx_word' id='word_1_323' title='bbox 1152 3157 1302 3241; x_wconf 87' lang='lat' dir='ltr'>coniungi</span> <span class='ocrx_word' id='word_1_324' title='bbox 1317 3154 1370 3220; x_wconf 86' lang='lat' dir='ltr'>vel</span> <span class='ocrx_word' id='word_1_325' title='bbox 1385 3153 1535 3220; x_wconf 88' lang='lat' dir='ltr'>hberiore</span> <span class='ocrx_word' id='word_1_326' title='bbox 1551 3152 1646 3220; x_wconf 92' lang='lat' dir='ltr'>modo</span> 
     </span>
     <span class='ocr_line' id='line_1_29' title="bbox 244 3256 1647 3349; baseline 0.001 -26"><span class='ocrx_word' id='word_1_327' title='bbox 244 3258 425 3325; x_wconf 84' lang='lat' dir='ltr'>adhibitum</span> <span class='ocrx_word' id='word_1_328' title='bbox 449 3261 531 3325; x_wconf 86' lang='lat' dir='ltr'>sumi</span> <span class='ocrx_word' id='word_1_329' title='bbox 553 3268 658 3345; x_wconf 87' lang='lat' dir='ltr'>potest</span> <span class='ocrx_word' id='word_1_330' title='bbox 673 3259 729 3347; x_wconf 90' lang='lat' dir='ltr'>(de</span> <span class='ocrx_word' id='word_1_331' title='bbox 744 3282 806 3347; x_wconf 90' lang='lat' dir='ltr'>quo</span> <span class='ocrx_word' id='word_1_332' title='bbox 822 3261 892 3325; x_wconf 90' lang='lat' dir='ltr'>loco</span> <span class='ocrx_word' id='word_1_333' title='bbox 908 3261 949 3326; x_wconf 82' lang='lat' dir='ltr'>cf.</span> <span class='ocrx_word' id='word_1_334' title='bbox 966 3283 998 3347; x_wconf 93' lang='lat' dir='ltr'>p.</span> <span class='ocrx_word' id='word_1_335' title='bbox 1015 3260 1059 3325; x_wconf 90' lang='grc'>32</span> <span class='ocrx_word' id='word_1_336' title='bbox 1080 3259 1155 3325; x_wconf 89' lang='lat' dir='ltr'>adn.</span> <span class='ocrx_word' id='word_1_337' title='bbox 1172 3260 1223 3347; x_wconf 85' lang='lat'>3);</span> <span class='ocrx_word' id='word_1_338' title='bbox 1246 3260 1343 3326; x_wconf 83' lang='lat' dir='ltr'>Ther.</span> <span class='ocrx_word' id='word_1_339' title='bbox 1360 3259 1424 3324; x_wconf 85' lang='grc'><strong>923</strong></span> <span class='ocrx_word' id='word_1_340' title='bbox 1440 3281 1487 3345; x_wconf 87' lang='lat' dir='ltr'>sq.</span> <span class='ocrx_word' id='word_1_341' title='bbox 1503 3261 1540 3349; x_wconf 80' lang='grc' dir='ltr'>ήδ</span> <span class='ocrx_word' id='word_1_342' title='bbox 1555 3256 1647 3345; x_wconf 77' lang='grc' dir='ltr'><strong><em>σίδη</em></strong></span> 
     </span>
     <span class='ocr_line' id='line_1_30' title="bbox 245 3362 1647 3454; baseline -0.001 -25"><span class='ocrx_word' id='word_1_343' title='bbox 245 3386 300 3449; x_wconf 90' lang='grc' dir='ltr'><strong><em>ρον</em></strong></span> <span class='ocrx_word' id='word_1_344' title='bbox 319 3362 323 3447; x_wconf 93' lang='grc' dir='ltr'>Ι</span> <span class='ocrx_word' id='word_1_345' title='bbox 343 3373 529 3453; x_wconf 81' lang='grc' dir='ltr'><strong><em>καυστειρής</em></strong></span> <span class='ocrx_word' id='word_1_346' title='bbox 551 3365 764 3454; x_wconf 82' lang='grc' dir='ltr'><strong><em>θαλφθεῖσαν</em></strong></span> <span class='ocrx_word' id='word_1_347' title='bbox 784 3367 849 3431; x_wconf 78' lang='grc' dir='ltr'>ὑπὸ</span> <span class='ocrx_word' id='word_1_348' title='bbox 872 3364 1031 3452; x_wconf 82' lang='grc' dir='ltr'><strong><em>στέρνοισι</em></strong></span> <span class='ocrx_word' id='word_1_349' title='bbox 1052 3363 1197 3451; x_wconf 91' lang='grc' dir='ltr'><strong><em>καμίνου,</em></strong></span> <span class='ocrx_word' id='word_1_350' title='bbox 1220 3363 1307 3452; x_wconf 91' lang='lat' dir='ltr'>quod</span> <span class='ocrx_word' id='word_1_351' title='bbox 1326 3365 1461 3430; x_wconf 85' lang='lat' dir='ltr'>fortasse</span> <span class='ocrx_word' id='word_1_352' title='bbox 1477 3385 1580 3450; x_wconf 87' lang='lat' dir='ltr'>aeque</span> <span class='ocrx_word' id='word_1_353' title='bbox 1596 3385 1647 3429; x_wconf 86' lang='lat' dir='ltr'>ac·</span> 
     </span>
     <span class='ocr_line' id='line_1_31' title="bbox 244 3467 1647 3558; baseline 0 -27"><span class='ocrx_word' id='word_1_354' title='bbox 244 3467 428 3554; x_wconf 91' lang='lat' dir='ltr'>cipiendum</span> <span class='ocrx_word' id='word_1_355' title='bbox 455 3479 505 3535; x_wconf 90' lang='lat' dir='ltr'>est</span> <span class='ocrx_word' id='word_1_356' title='bbox 531 3492 571 3535; x_wconf 97' lang='lat' dir='ltr'>ac</span> <span class='ocrx_word' id='word_1_357' title='bbox 598 3471 624 3535; x_wconf 88' lang='lat' dir='ltr'>si</span> <span class='ocrx_word' id='word_1_358' title='bbox 651 3470 787 3557; x_wconf 84' lang='grc' dir='ltr'><strong><em>θάλψας</em></strong></span> <span class='ocrx_word' id='word_1_359' title='bbox 814 3468 915 3558; x_wconf 85' lang='lat' dir='ltr'>(idem</span> <span class='ocrx_word' id='word_1_360' title='bbox 945 3470 1032 3556; x_wconf 91' lang='lat' dir='ltr'>quod</span> <span class='ocrx_word' id='word_1_361' title='bbox 1061 3468 1225 3557; x_wconf 79' lang='grc' dir='ltr'><strong><em>θάλψαις)</em></strong></span> <span class='ocrx_word' id='word_1_362' title='bbox 1257 3479 1427 3536; x_wconf 83' lang='lat' dir='ltr'>exaratum</span> <span class='ocrx_word' id='word_1_363' title='bbox 1456 3468 1564 3553; x_wconf 76' lang='lat' dir='ltr'>esset,¹</span> <span class='ocrx_word' id='word_1_364' title='bbox 1586 3468 1647 3532; x_wconf 88' lang='lat' dir='ltr'>nisi</span> 
     </span>
     <span class='ocr_line' id='line_1_32' title="bbox 243 3572 1647 3663; baseline -0.001 -26"><span class='ocrx_word' id='word_1_365' title='bbox 243 3572 326 3637; x_wconf 83' lang='lat' dir='ltr'>forte</span> <span class='ocrx_word' id='word_1_366' title='bbox 350 3576 420 3661; x_wconf 89' lang='lat' dir='ltr'>quis</span> <span class='ocrx_word' id='word_1_367' title='bbox 444 3576 622 3661; x_wconf 82' lang='lat' dir='ltr'>zeugmatis</span> <span class='ocrx_word' id='word_1_368' title='bbox 645 3575 752 3661; x_wconf 87' lang='lat' dir='ltr'>figura</span> <span class='ocrx_word' id='word_1_369' title='bbox 774 3584 911 3661; x_wconf 79' lang='lat' dir='ltr'>accepte</span> <span class='ocrx_word' id='word_1_370' title='bbox 933 3573 1064 3663; x_wconf 87' lang='grc' dir='ltr'><strong><em>σίδηρον</em></strong></span> <span class='ocrx_word' id='word_1_371' title='bbox 1086 3575 1299 3662; x_wconf 83' lang='grc' dir='ltr'><strong><em>θαλφθεῖσαν</em></strong></span> <span class='ocrx_word' id='word_1_372' title='bbox 1326 3597 1400 3641; x_wconf 92' lang='lat' dir='ltr'>cum</span> <span class='ocrx_word' id='word_1_373' title='bbox 1422 3573 1497 3658; x_wconf 82' lang='grc' dir='ltr'><strong><em>χόας</em></strong></span> <span class='ocrx_word' id='word_1_374' title='bbox 1519 3574 1647 3639; x_wconf 90' lang='lat' dir='ltr'>coniun-</span> 
     </span>
     <span class='ocr_line' id='line_1_33' title="bbox 243 3678 1647 3767; baseline 0 -25"><span class='ocrx_word' id='word_1_375' title='bbox 243 3700 322 3763; x_wconf 85' lang='lat' dir='ltr'>gere</span> <span class='ocrx_word' id='word_1_376' title='bbox 341 3678 479 3764; x_wconf 82' lang='lat' dir='ltr'>mavult3</span> <span class='ocrx_word' id='word_1_377' title='bbox 502 3678 555 3746; x_wconf 87' lang='lat' dir='ltr'>Al.</span> <span class='ocrx_word' id='word_1_378' title='bbox 571 3679 615 3745; x_wconf 84' lang='lat'>50</span> <span class='ocrx_word' id='word_1_379' title='bbox 630 3702 690 3766; x_wconf 79' lang='lat' dir='ltr'>sq,</span> <span class='ocrx_word' id='word_1_380' title='bbox 713 3680 770 3746; x_wconf 90' lang='lat' dir='ltr'>ubi</span> <span class='ocrx_word' id='word_1_381' title='bbox 790 3678 863 3746; x_wconf 94' lang='lat' dir='ltr'>libri</span> <span class='ocrx_word' id='word_1_382' title='bbox 885 3678 992 3747; x_wconf 74' lang='grc' dir='ltr'>ΗΘΜ</span> <span class='ocrx_word' id='word_1_383' title='bbox 1011 3683 1142 3763; x_wconf 80' lang='grc' dir='ltr'><strong><em>σβενιύς</em></strong></span> <span class='ocrx_word' id='word_1_384' title='bbox 1156 3679 1355 3746; x_wconf 75' lang='grc' dir='ltr'><strong><em>αἰθαλόεντα</em></strong></span> <span class='ocrx_word' id='word_1_385' title='bbox 1370 3679 1490 3767; x_wconf 89' lang='grc' dir='ltr'><strong><em>μύδρον</em></strong></span> <span class='ocrx_word' id='word_1_386' title='bbox 1504 3678 1647 3763; x_wconf 90' lang='grc' dir='ltr'><strong><em>γενύεσσι</em></strong></span> 
     </span>
     <span class='ocr_line' id='line_1_34' title="bbox 243 3781 1648 3873; baseline -0.003 -24"><span class='ocrx_word' id='word_1_387' title='bbox 243 3786 404 3870; x_wconf 80' lang='grc' dir='ltr'><strong><em>ταράγρης</em></strong></span> <span class='ocrx_word' id='word_1_388' title='bbox 424 3782 428 3869; x_wconf 72' lang='lat' dir='ltr'>i</span> <span class='ocrx_word' id='word_1_389' title='bbox 447 3784 484 3873; x_wconf 80' lang='grc' dir='ltr'>ήὲ</span> <span class='ocrx_word' id='word_1_390' title='bbox 499 3785 710 3873; x_wconf 90' lang='grc' dir='ltr'><strong><em>σιδηρήεσσαν</em></strong></span> <span class='ocrx_word' id='word_1_391' title='bbox 725 3786 793 3851; x_wconf 78' lang='grc' dir='ltr'>ἀπὸ</span> <span class='ocrx_word' id='word_1_392' title='bbox 808 3788 906 3870; x_wconf 88' lang='grc' dir='ltr'><strong><em>τρύγα</em></strong></span> <span class='ocrx_word' id='word_1_393' title='bbox 921 3783 1090 3870; x_wconf 86' lang='lat' dir='ltr'>praebent,</span> <span class='ocrx_word' id='word_1_394' title='bbox 1109 3786 1154 3850; x_wconf 84' lang='lat' dir='ltr'>ita</span> <span class='ocrx_word' id='word_1_395' title='bbox 1173 3793 1210 3850; x_wconf 89' lang='lat' dir='ltr'>ut</span> <span class='ocrx_word' id='word_1_396' title='bbox 1229 3787 1358 3866; x_wconf 81' lang='grc' dir='ltr'><strong><em>σβεννύς</em></strong></span> <span class='ocrx_word' id='word_1_397' title='bbox 1372 3783 1416 3849; x_wconf 88' lang='lat' dir='ltr'>ad</span> <span class='ocrx_word' id='word_1_398' title='bbox 1430 3785 1547 3870; x_wconf 80' lang='grc' dir='ltr'><strong><em>πόροις</em></strong></span> <span class='ocrx_word' id='word_1_399' title='bbox 1560 3781 1648 3868; x_wconf 89' lang='lat' dir='ltr'>quod</span> 
     </span>
     <span class='ocr_line' id='line_1_35' title="bbox 244 3884 1647 3975; baseline 0 -24"><span class='ocrx_word' id='word_1_400' title='bbox 244 3887 412 3973; x_wconf 84' lang='lat' dir='ltr'>praeeedit</span> <span class='ocrx_word' id='word_1_401' title='bbox 429 3888 603 3973; x_wconf 83' lang='lat' dir='ltr'>referatur,</span> <span class='ocrx_word' id='word_1_402' title='bbox 626 3889 741 3975; x_wconf 88' lang='lat' dir='ltr'>reliqui</span> <span class='ocrx_word' id='word_1_403' title='bbox 761 3897 870 3954; x_wconf 85' lang='lat' dir='ltr'>autem</span> <span class='ocrx_word' id='word_1_404' title='bbox 891 3889 1021 3972; x_wconf 79' lang='grc' dir='ltr'><strong><em>σβεννύς</em></strong></span> <span class='ocrx_word' id='word_1_405' title='bbox 1039 3884 1069 3954; x_wconf 82' lang='grc' dir='ltr'>τ’</span> <span class='ocrx_word' id='word_1_406' title='bbox 1085 3889 1282 3956; x_wconf 74' lang='grc' dir='ltr'><strong><em>αἰθαλόεντα</em></strong></span> <span class='ocrx_word' id='word_1_407' title='bbox 1297 3886 1440 3974; x_wconf 85' lang='lat' dir='ltr'>tradunt,</span> <span class='ocrx_word' id='word_1_408' title='bbox 1456 3887 1544 3975; x_wconf 89' lang='lat' dir='ltr'>quod</span> <span class='ocrx_word' id='word_1_409' title='bbox 1558 3886 1647 3952; x_wconf 86' lang='lat' dir='ltr'>haud</span> 
     </span>
     <span class='ocr_line' id='line_1_36' title="bbox 244 3991 1647 4080; baseline -0.001 -25"><span class='ocrx_word' id='word_1_410' title='bbox 244 3994 311 4056; x_wconf 92' lang='lat' dir='ltr'>scio</span> <span class='ocrx_word' id='word_1_411' title='bbox 338 4014 381 4056; x_wconf 85' lang='lat' dir='ltr'>an</span> <span class='ocrx_word' id='word_1_412' title='bbox 408 4015 465 4057; x_wconf 90' lang='lat' dir='ltr'>suo</span> <span class='ocrx_word' id='word_1_413' title='bbox 495 3995 564 4058; x_wconf 92' lang='lat' dir='ltr'>iure</span> <span class='ocrx_word' id='word_1_414' title='bbox 591 3995 774 4079; x_wconf 90' lang='lat' dir='ltr'>receperint</span> <span class='ocrx_word' id='word_1_415' title='bbox 795 3994 821 4058; x_wconf 92' lang='lat' dir='ltr'>I.</span> <span class='ocrx_word' id='word_1_416' title='bbox 843 3993 884 4059; x_wconf 74' lang='lat' dir='ltr'>G.</span> <span class='ocrx_word' id='word_1_417' title='bbox 901 3993 1082 4060; x_wconf 84' lang='lat' dir='ltr'>Schneider</span> <span class='ocrx_word' id='word_1_418' title='bbox 1109 4002 1142 4058; x_wconf 89' lang='lat' dir='ltr'>et</span> <span class='ocrx_word' id='word_1_419' title='bbox 1165 3993 1270 4059; x_wconf 90' lang='lat' dir='ltr'>Lehrs</span> <span class='ocrx_word' id='word_1_420' title='bbox 1292 3994 1442 4079; x_wconf 80' lang='lat' dir='ltr'>graviore</span> <span class='ocrx_word' id='word_1_421' title='bbox 1464 4002 1537 4080; x_wconf 86' lang='lat' dir='ltr'>post</span> <span class='ocrx_word' id='word_1_422' title='bbox 1557 4016 1588 4059; x_wconf 87' lang='lat' dir='ltr'>v.</span> <span class='ocrx_word' id='word_1_423' title='bbox 1604 3991 1647 4056; x_wconf 90' lang='grc'>49</span> 
     </span>
     <span class='ocr_line' id='line_1_37' title="bbox 244 4096 1648 4184; baseline 0.001 -25"><span class='ocrx_word' id='word_1_424' title='bbox 244 4098 500 4183; x_wconf 84' lang='lat' dir='ltr'>interpunctione</span> <span class='ocrx_word' id='word_1_425' title='bbox 516 4098 620 4184; x_wconf 86' lang='lat' dir='ltr'>posita</span> <span class='ocrx_word' id='word_1_426' title='bbox 636 4096 691 4184; x_wconf 82' lang='lat' dir='ltr'>(cf.</span> <span class='ocrx_word' id='word_1_427' title='bbox 708 4096 760 4163; x_wconf 90' lang='lat' dir='ltr'>Al.</span> <span class='ocrx_word' id='word_1_428' title='bbox 778 4097 871 4184; x_wconf 58' lang='lat'>3003</span> <span class='ocrx_word' id='word_1_429' title='bbox 896 4107 1040 4163; x_wconf 90' lang='lat' dir='ltr'>ceterum</span> <span class='ocrx_word' id='word_1_430' title='bbox 1056 4100 1215 4184; x_wconf 87' lang='lat' dir='ltr'>scriptura</span> <span class='ocrx_word' id='word_1_431' title='bbox 1233 4100 1364 4180; x_wconf 80' lang='grc' dir='ltr'><strong><em>σβεινύς</em></strong></span> <span class='ocrx_word' id='word_1_432' title='bbox 1378 4122 1413 4164; x_wconf 88' lang='grc' dir='ltr'>τε</span> <span class='ocrx_word' id='word_1_433' title='bbox 1428 4096 1481 4163; x_wconf 88' lang='lat' dir='ltr'>vel</span> <span class='ocrx_word' id='word_1_434' title='bbox 1503 4119 1542 4163; x_wconf 89' lang='lat' dir='ltr'>eo</span> <span class='ocrx_word' id='word_1_435' title='bbox 1565 4118 1648 4162; x_wconf 92' lang='lat' dir='ltr'>com-</span> 
     </span>
     <span class='ocr_line' id='line_1_38' title="bbox 243 4200 1648 4289; baseline 0.001 -24"><span class='ocrx_word' id='word_1_436' title='bbox 243 4200 408 4286; x_wconf 90' lang='lat' dir='ltr'>probatur,</span> <span class='ocrx_word' id='word_1_437' title='bbox 440 4200 528 4288; x_wconf 90' lang='lat' dir='ltr'>quod</span> <span class='ocrx_word' id='word_1_438' title='bbox 550 4204 608 4267; x_wconf 85' lang='lat' dir='ltr'>vix</span> <span class='ocrx_word' id='word_1_439' title='bbox 635 4204 705 4268; x_wconf 89' lang='lat' dir='ltr'>veri</span> <span class='ocrx_word' id='word_1_440' title='bbox 728 4201 830 4268; x_wconf 91' lang='lat' dir='ltr'>simile</span> <span class='ocrx_word' id='word_1_441' title='bbox 857 4211 906 4267; x_wconf 86' lang='lat' dir='ltr'>est</span> <span class='ocrx_word' id='word_1_442' title='bbox 934 4200 1154 4268; x_wconf 86' lang='lat' dir='ltr'>chamelaeam</span> <span class='ocrx_word' id='word_1_443' title='bbox 1181 4213 1352 4289; x_wconf 85' lang='lat' dir='ltr'>rutamque</span> <span class='ocrx_word' id='word_1_444' title='bbox 1378 4225 1443 4268; x_wconf 82' lang='lat' dir='ltr'>una</span> <span class='ocrx_word' id='word_1_445' title='bbox 1466 4225 1540 4268; x_wconf 90' lang='lat' dir='ltr'>cum</span> <span class='ocrx_word' id='word_1_446' title='bbox 1561 4201 1648 4267; x_wconf 88' lang='lat' dir='ltr'>ferro</span> 
     </span>
     <span class='ocr_line' id='line_1_39' title="bbox 246 4304 1648 4394; baseline 0.001 -26"><span class='ocrx_word' id='word_1_447' title='bbox 246 4307 386 4370; x_wconf 88' lang='lat' dir='ltr'>extincto</span> <span class='ocrx_word' id='word_1_448' title='bbox 411 4304 491 4391; x_wconf 85' lang='lat' dir='ltr'>dari,</span> <span class='ocrx_word' id='word_1_449' title='bbox 515 4304 557 4371; x_wconf 91' lang='lat' dir='ltr'>de</span> <span class='ocrx_word' id='word_1_450' title='bbox 581 4329 646 4393; x_wconf 89' lang='lat' dir='ltr'>qua</span> <span class='ocrx_word' id='word_1_451' title='bbox 665 4329 701 4371; x_wconf 91' lang='lat' dir='ltr'>re</span> <span class='ocrx_word' id='word_1_452' title='bbox 720 4316 830 4372; x_wconf 84' lang='lat' dir='ltr'>tamen</span> <span class='ocrx_word' id='word_1_453' title='bbox 849 4306 1026 4372; x_wconf 86' lang='lat' dir='ltr'>Eutecniue</span> <span class='ocrx_word' id='word_1_454' title='bbox 1049 4309 1208 4394; x_wconf 78' lang='lat' dir='ltr'>cogitasse</span> <span class='ocrx_word' id='word_1_455' title='bbox 1222 4307 1352 4372; x_wconf 88' lang='lat' dir='ltr'>videtur</span> <span class='ocrx_word' id='word_1_456' title='bbox 1374 4306 1557 4394; x_wconf 82' lang='lat' dir='ltr'>(praeterea</span> <span class='ocrx_word' id='word_1_457' title='bbox 1572 4305 1648 4371; x_wconf 87' lang='lat' dir='ltr'>vide</span> 
     </span>
     <span class='ocr_line' id='line_1_40' title="bbox 246 4409 1649 4502; baseline 0.004 -29"><span class='ocrx_word' id='word_1_458' title='bbox 246 4409 366 4474; x_wconf 88' lang='lat' dir='ltr'>scholia</span> <span class='ocrx_word' id='word_1_459' title='bbox 380 4410 424 4474; x_wconf 88' lang='lat' dir='ltr'>ad</span> <span class='ocrx_word' id='word_1_460' title='bbox 439 4434 470 4475; x_wconf 86' lang='lat' dir='ltr'>v.</span> <span class='ocrx_word' id='word_1_461' title='bbox 487 4410 530 4475; x_wconf 89' lang='lat'>50</span> <span class='ocrx_word' id='word_1_462' title='bbox 546 4420 578 4476; x_wconf 90' lang='lat' dir='ltr'>et</span> <span class='ocrx_word' id='word_1_463' title='bbox 592 4411 618 4475; x_wconf 93' lang='lat' dir='ltr'>I.</span> <span class='ocrx_word' id='word_1_464' title='bbox 637 4412 677 4478; x_wconf 75' lang='lat' dir='ltr'>G.</span> <span class='ocrx_word' id='word_1_465' title='bbox 695 4410 930 4477; x_wconf 87' lang='lat' dir='ltr'>Schneiderum</span> <span class='ocrx_word' id='word_1_466' title='bbox 950 4433 981 4497; x_wconf 94' lang='lat' dir='ltr'>p.</span> <span class='ocrx_word' id='word_1_467' title='bbox 999 4409 1040 4475; x_wconf 85' lang='lat'>96</span> <span class='ocrx_word' id='word_1_468' title='bbox 1056 4410 1135 4499; x_wconf 85' lang='lat' dir='ltr'>sq.)3</span> <span class='ocrx_word' id='word_1_469' title='bbox 1155 4409 1207 4477; x_wconf 87' lang='lat' dir='ltr'>Al.</span> <span class='ocrx_word' id='word_1_470' title='bbox 1223 4410 1287 4476; x_wconf 68' lang='lat'>487</span> <span class='ocrx_word' id='word_1_471' title='bbox 1302 4413 1339 4502; x_wconf 80' lang='grc' dir='ltr'>ήί</span> <span class='ocrx_word' id='word_1_472' title='bbox 1358 4412 1461 4500; x_wconf 82' lang='grc' dir='ltr'><strong><em>χύτρῳ</em></strong></span> <span class='ocrx_word' id='word_1_473' title='bbox 1474 4410 1572 4501; x_wconf 86' lang='grc' dir='ltr'><strong><em>τήξας</em></strong></span> <span class='ocrx_word' id='word_1_474' title='bbox 1585 4435 1649 4496; x_wconf 88' lang='grc' dir='ltr'>μα-</span> 
     </span>
     <span class='ocr_line' id='line_1_41' title="bbox 245 4514 1648 4604; baseline 0.001 -25"><span class='ocrx_word' id='word_1_475' title='bbox 245 4515 343 4602; x_wconf 84' lang='grc' dir='ltr'><strong><em>λάχης</em></strong></span> <span class='ocrx_word' id='word_1_476' title='bbox 356 4514 539 4596; x_wconf 83' lang='grc' dir='ltr'><strong><em>λιπόωντας</em></strong></span> <span class='ocrx_word' id='word_1_477' title='bbox 553 4518 719 4601; x_wconf 89' lang='grc' dir='ltr'><strong><em>δράμνους,</em></strong></span> <span class='ocrx_word' id='word_1_478' title='bbox 739 4538 802 4603; x_wconf 92' lang='lat' dir='ltr'>quo</span> <span class='ocrx_word' id='word_1_479' title='bbox 821 4515 892 4581; x_wconf 92' lang='lat' dir='ltr'>loco</span> <span class='ocrx_word' id='word_1_480' title='bbox 906 4515 933 4580; x_wconf 94' lang='grc' dir='ltr'>Ι.</span> <span class='ocrx_word' id='word_1_481' title='bbox 950 4515 991 4582; x_wconf 75' lang='grc' dir='ltr'>(ί.</span> <span class='ocrx_word' id='word_1_482' title='bbox 1008 4515 1190 4582; x_wconf 90' lang='lat' dir='ltr'>Schneider</span> <span class='ocrx_word' id='word_1_483' title='bbox 1208 4519 1320 4582; x_wconf 86' lang='lat' dir='ltr'>merito</span> <span class='ocrx_word' id='word_1_484' title='bbox 1340 4524 1413 4604; x_wconf 87' lang='lat' dir='ltr'>post</span> <span class='ocrx_word' id='word_1_485' title='bbox 1427 4540 1458 4582; x_wconf 88' lang='lat' dir='ltr'>v.</span> <span class='ocrx_word' id='word_1_486' title='bbox 1473 4515 1538 4581; x_wconf 88' lang='grc'>486</span> <span class='ocrx_word' id='word_1_487' title='bbox 1558 4518 1648 4581; x_wconf 85' lang='lat' dir='ltr'>semi·</span> 
     </span>
     <span class='ocr_line' id='line_1_42' title="bbox 246 4619 1648 4710; baseline 0.001 -27"><span class='ocrx_word' id='word_1_488' title='bbox 246 4619 314 4684; x_wconf 93' lang='lat' dir='ltr'>colo</span> <span class='ocrx_word' id='word_1_489' title='bbox 336 4620 575 4706; x_wconf 84' lang='lat' dir='ltr'>interpunxisee</span> <span class='ocrx_word' id='word_1_490' title='bbox 598 4619 737 4704; x_wconf 86' lang='lat' dir='ltr'>videtur,</span> <span class='ocrx_word' id='word_1_491' title='bbox 760 4630 796 4685; x_wconf 92' lang='lat' dir='ltr'>ut</span> <span class='ocrx_word' id='word_1_492' title='bbox 816 4619 913 4707; x_wconf 87' lang='grc' dir='ltr'><strong><em>τήξας</em></strong></span> <span class='ocrx_word' id='word_1_493' title='bbox 933 4620 1022 4685; x_wconf 90' lang='lat' dir='ltr'>idem</span> <span class='ocrx_word' id='word_1_494' title='bbox 1045 4620 1132 4708; x_wconf 92' lang='lat' dir='ltr'>quod</span> <span class='ocrx_word' id='word_1_495' title='bbox 1153 4620 1265 4710; x_wconf 88' lang='grc' dir='ltr'><strong><em>τήξαις</em></strong></span> <span class='ocrx_word' id='word_1_496' title='bbox 1286 4623 1337 4704; x_wconf 90' lang='lat' dir='ltr'>sit,</span> <span class='ocrx_word' id='word_1_497' title='bbox 1364 4624 1552 4708; x_wconf 88' lang='lat' dir='ltr'>pracsertim</span> <span class='ocrx_word' id='word_1_498' title='bbox 1574 4644 1648 4686; x_wconf 90' lang='lat' dir='ltr'>cum</span> 
     </span>
     <span class='ocr_line' id='line_1_43' title="bbox 244 4721 1650 4810; baseline 0.004 -24"><span class='ocrx_word' id='word_1_499' title='bbox 244 4721 342 4809; x_wconf 91' lang='grc' dir='ltr'><strong><em>τήξας</em></strong></span> <span class='ocrx_word' id='word_1_500' title='bbox 357 4722 409 4789; x_wconf 90' lang='lat' dir='ltr'>vel</span> <span class='ocrx_word' id='word_1_501' title='bbox 428 4722 538 4809; x_wconf 88' lang='grc' dir='ltr'><strong><em>τήξαις</em></strong></span> <span class='ocrx_word' id='word_1_502' title='bbox 557 4723 599 4788; x_wconf 85' lang='lat' dir='ltr'>ad</span> <span class='ocrx_word' id='word_1_503' title='bbox 620 4747 694 4789; x_wconf 89' lang='lat' dir='ltr'>eum</span> <span class='ocrx_word' id='word_1_504' title='bbox 714 4725 769 4809; x_wconf 90' lang='lat' dir='ltr'>qui</span> <span class='ocrx_word' id='word_1_505' title='bbox 788 4723 931 4789; x_wconf 87' lang='lat' dir='ltr'>remedia</span> <span class='ocrx_word' id='word_1_506' title='bbox 951 4734 1054 4810; x_wconf 87' lang='lat' dir='ltr'>parat,</span> <span class='ocrx_word' id='word_1_507' title='bbox 1074 4748 1139 4791; x_wconf 88' lang='lat' dir='ltr'>non</span> <span class='ocrx_word' id='word_1_508' title='bbox 1158 4723 1201 4790; x_wconf 85' lang='lat' dir='ltr'>ad</span> <span class='ocrx_word' id='word_1_509' title='bbox 1222 4748 1296 4790; x_wconf 91' lang='lat' dir='ltr'>eum</span> <span class='ocrx_word' id='word_1_510' title='bbox 1311 4727 1365 4810; x_wconf 91' lang='lat' dir='ltr'>qui</span> <span class='ocrx_word' id='word_1_511' title='bbox 1380 4728 1476 4790; x_wconf 88' lang='lat' dir='ltr'>sumit</span> <span class='ocrx_word' id='word_1_512' title='bbox 1490 4725 1650 4791; x_wconf 87' lang='lat' dir='ltr'>referatur</span> 
     </span>
    </p>
   </div>
   <div class='ocr_carea' id='block_1_3' title="bbox 0 0 1777 5059">
    <p class='ocr_par' dir='ltr' id='par_1_3' title="bbox 0 0 1777 5059">
     <span class='ocr_line' id='line_1_44' title="bbox 0 0 1777 5059; baseline 0 0"><span class='ocrx_word' id='word_1_513' title='bbox 0 0 1777 5059; x_wconf 95' lang='lat' dir='ltr'> </span> 
     </span>
    </p>
   </div>
  </div>
 </body>
</html>
