3542 5059
230 219 274 284 90

230 423 335 477 autem
360 410 457 475 medii
479 410 608 495 generis
631 411 777 474 infinitivi
799 432 930 494 prorsus
945 409 1071 474 absunt.
1096 433 1201 496 neque
1217 433 1294 475 vero
1309 412 1343 475 id
1358 410 1629 497 praetereundum

230 526 280 581 est
307 537 372 580 non
393 517 507 601 paucis
530 513 657 601 (XVII)
684 512 717 578 id
740 536 843 599 genus
870 513 948 578 locis
974 514 1130 578 infinitivo
1153 517 1357 601 participium
1379 518 1413 580 111
1435 518 1630 581 nominativo

230 618 400 708 positum¹)
428 618 569 705 adiungi.
616 641 699 705 quae
724 620 894 704 participia
921 618 1092 683 infinitivos
1118 628 1174 683 aut
1200 620 1400 705 praecedunt
1427 620 1537 705 (Ther.
1554 620 1629 704 507,

230 725 304 810 572,
328 724 402 805 693,
428 725 501 808 705,
525 722 599 805 713,
622 722 696 808 918,
720 722 794 807 932,
817 723 868 788 ΑΙ.
886 721 964 809 350)
980 731 1037 787 aut
1051 732 1229 809 sequuntur
1244 723 1356 810 (Ther.
1375 725 1448 809 121,
1463 724 1539 808 562,
1555 726 1628 809 665,

231 830 304 911 684,
329 827 416 915 956).
440 827 518 916 quid
541 828 628 914 quod
648 828 809 893 'nonnullis
832 828 910 892 locis
933 826 1046 913 (Ther.
1064 826 1117 911 96,
1140 828 1215 908 526,
1239 829 1313 914 643,
1337 828 1415 916 952)
1438 829 1515 895 hina
1537 832 1631 916 parti·

231 936 315 1020 cipis
337 945 369 999 et
391 943 465 999 ante
489 943 521 998 et
543 943 613 1019 post
634 934 806 998 infinitivos
829 934 934 1017 posita
955 932 1176 1018 invenimus.²)

334 1039 409 1105 VII.
432 1038 528 1103 Ther.
545 1037 604 1115 147
621 1036 748 1124 (δι’ψιος
762 1038 844 1127 σήψ)
862 1036 1071 1102 masculinam
1087 1036 1238 1102 adiectivi
1253 1036 1390 1102 formam
1405 1060 1463 1123 pro
1477 1038 1632 1104 feminina

231 1152 418 1228 usurpatam
445 1141 559 1225 habea,
592 1142 632 1206 de
663 1164 726 1228 quo
753 1163 814 1207 usu
841 1141 929 1227 apud
951 1140 1153 1206 Nicandrum
1180 1144 1352 1228 conspicuo
1375 1142 1528 1208 nonnulla
1551 1144 1633 1209 dixit

231 1250 269 1313 R.
283 1247 470 1315 Volkmann
490 1247 612 1315 Comm.
630 1269 703 1333 epp.
724 1268 754 1332 p.
769 1246 810 1310 60
827 1269 873 1333 sq.
918 1269 1000 1332 quae
1021 1268 1095 1310 cum
1114 1248 1159 1311 ita
1177 1248 1249 1328 sint,
1272 1269 1341 1311 rem
1360 1248 1518 1333 perficere
1536 1260 1633 1335 atque

231 1351 400 1418 absolvere
414 1355 448 1416 in
463 1355 568 1417 animo
585 1361 641 1417 est.
687 1353 892 1416 inveniuntur
915 1354 1010 1435 igitur
1032 1350 1154 1416 formae
1177 1353 1210 1416 in
1225 1374 1278 1429 -ος
1300 1361 1457 1417 exeuntes
1479 1351 1633 1419 feminina

232 1459 357 1523 notione
380 1459 554 1522 instructae
578 1466 707 1543 praeter
728 1455 824 1521 Ther.
844 1455 903 1519 147
929 1456 977 1520 his
999 1455 1091 1520 locis:
1129 1456 1226 1520 Ther.
1253 1455 1312 1519 173
1334 1461 1424 1545 χροιὴ
1447 1457 1567 1537 αἰόλος,
1591 1457 1632 1522 cf.

231 1562 361 1628 Aristot.
378 1561 479 1647 prohl.
498 1561 608 1645 26,13
627 1561 732 1627 αἰόλοι
747 1559 870 1648 ἡμέραι,
893 1560 956 1623 683
977 1560 1144 1644 βλωδροῖο
1159 1557 1336 1646 πορίτιδος,
1357 1559 1409 1626 ΑΙ.
1427 1560 1487 1625 162
1506 1562 1633 1628 ἑδανοῖο

232 1665 327 1753 οἷ’νης,
345 1666 408 1730 273
425 1664 653 1753 Προμηδείοιο
670 1672 787 1751 φώρης,
804 1665 868 1728 419
880 1666 954 1729 δνεο
966 1671 1133 1749 σμογεροῖο
1145 1670 1289 1753 τιθήνης,
1302 1664 1365 1730 558
1378 1662 1485 1731 ἁλίοιο
1495 1666 1632 1752 χελύνης,

232 1770 296 1837 573
315 1770 507 1860 καθεφθέον
526 1773 562 1861 ηδ
581 1769 636 1838 καὶ
657 1772 760 1857 ὀπτὴν
779 1770 784 1856 Ι
804 1772 915 1855 σάρκα.
939 1768 1056 1856 quibus
1071 1769 1157 1834 adde
1173 1769 1269 1835 Ther.
1289 1770 1352 1834 120
1374 1774 1535 1837 θανάτοιο
1550 1772 1634 1836 ooo-

231 1898 322 1962 τερος
337 1868 423 1941 αἶσα.
458 1878 513 1961 qui
531 1874 593 1940 loci
607 1874 798 1960 plerumque
813 1876 857 1939 ito
872 1883 947 1939 sunt
966 1877 1153 1959 comparati,
1174 1884 1209 1939 ut
1224 1873 1376 1940 adiectivi
1391 1874 1495 1939 forma
1513 1877 1546 1939 in
1561 1897 1634 1940 -οιο

233 1980 383 2045 desinens
402 1990 476 2045 ante
497 2002 666 2044 caesuram
683 1978 882 2044 trochaicam
902 1978 1014 2064 (Ther.
1029 1977 1101 2062 683,
1119 1979 1170 2043 ΑΙ.
1189 1978 1564 2064 162,273,558)αι11111
1579 2003 1636 2057 -ος

232 2083 285 2149 vel
307 2108 366 2151 -ον
393 2088 504 2149 exiens
531 2093 604 2149 ante
632 2084 811 2149 bucolicam
833 2083 939 2147 hiatus
961 2082 1086 2147 vitandi
1109 2105 1209 2147 causa
1230 2085 1413 2149 inveniatur
1434 2082 1546 2170 (Ther.
1562 2082 1634 2169 120,

237 2189 307 2274 147,
335 2189 406 2274 173,
429 2189 481 2253 ΑΙ,
499 2188 587 2274 573).
612 2187 773 2253 accedunt
799 2188 832 2252 hi
858 2187 935 2253 loci:
980 2186 1077 2251 Ther.
1095 2185 1160 2250 284
1181 2195 1295 2276 τρηχὺν
1317 2189 1478 2276 θαλάμην,
1501 2187 1554 2253 ΑΙ.
1571 2187 1635 2251 252

232 2292 341 2383 τρηχέι
362 2292 462 2382 κνίδη,
485 2291 550 2358 574
572 2290 643 2381 ἡδέι
664 2292 733 2381 οἷ’νη
756 2291 811 2377 (of.
834 2292 970 2357 Theocr.
993 2292 1059 2356 XX
1091 2292 1110 2355 8
1137 2289 1218 2358 ἁδέα
1245 2290 1380 2378 χαίταν).
1427 2292 1513 2357 adda
1536 2291 1633 2357 Ther.

235 2398 296 2464 180
318 2402 569 2484 ποιφύοοοντος,
592 2396 678 2484 quod
694 2395 736 2462 ad
751 2396 946 2462 vocabulum
969 2394 1068 2476 ἀσπίς
1088 2396 1236 2480 refertur,
1261 2407 1293 2461 et
1308 2396 1360 2462 Al.
1377 2396 1441 2462 528
1464 2397 1636 2464 alhdonso

233 2504 393 2583 σπάδικα,
422 2502 539 2589 quihus
567 2502 644 2567 locis
671 2524 773 2588 genus
800 2502 1014 2566 masculinum
1040 2503 1281 2588 participiorum
1303 2501 1447 2567 feminini
1468 2501 1539 2567 loco
1562 2512 1637 2568 ante

233 2629 401 2672 caesuram
423 2606 620 2672 trochaicam
641 2615 824 2692 usurpatur.
850 2608 927 2671 satis
949 2604 1056 2671 multis
1078 2616 1187 2671 autem
1208 2605 1286 2670 locis
1309 2604 1469 2671 adiectiva
1491 2608 1524 2671 in
1548 2608 1637 2685 -όεις

233 2713 386 2776 exeuntia
408 2714 452 2775 ita
474 2710 619 2775 adhibita
641 2713 857 2794 inveniuntur,
880 2709 979 2776 veluti
1002 2711 1101 2775 Ther.
1128 2710 1189 2774 129
1218 2711 1395 2795 ψολόεντος
1416 2708 1549 2799 ἐχίδνης,
1573 2710 1637 2774 502

233 2816 375 2902 νιφόεντι
391 2816 487 2903 δειρῇ,
507 2815 562 2880 ΑΙ.
584 2815 640 2878 171
660 2815 766 2882 ἰόεντα
783 2815 962 2895 θάλασσαν,
985 2816 1050 2879 455
1072 2817 1244 2900 μορόεντος
1262 2813 1379 2901 ἐλαίης,
1403 2814 1467 2879 473
1484 2815 1636 2881 δολόεντα

231 2919 339 3006 ὁρμήν,
357 2920 421 2984 604
437 2921 601 3005 δγριόεντα
617 2920 745 3008 κράδην,
762 2920 814 2984 vol
830 2922 862 2983 in
878 2923 962 3009 -ήεις
977 2919 1165 3004 desinentia,
1181 2919 1269 2985 velut
1284 2919 1381 2984 Ther.
1395 2918 1457 2983 899
1472 2919 1638 3006 ἐροοθηεις

234 3019 399 3108 θρυαλλίς,
431 3025 482 3089 ΑΙ.
506 3024 570 3089 390
600 3028 791 3112 πετρήεντος
821 3024 1004 3112 θαλάσσης,
1036 3023 1100 3088 492
1130 3026 1315 3111 δραχνήενιι
1345 3024 1510 3113 καλύπτρη
1541 3022 1636 3089 modo

232 3140 307 3194 ante
323 3152 492 3195 caesuram
507 3129 705 3194 trochaicam
719 3128 818 3195 Ther.
834 3127 908 3212 502,
932 3127 984 3193 ΑΙ.
1001 3128 1075 3209 390,
1090 3128 1165 3209 473,
1188 3128 1266 3212 492,
1283 3128 1346 3193 604
1366 3127 1461 3193 modo
1477 3131 1510 3192 in
1526 3130 1636 3213 quinto

114 3313 116 3318 ³
232 3256 345 3299 versus
368 3233 452 3320 pede
475 3233 572 3298 Ther.
593 3233 663 3314 129,
687 3233 761 3318 899,
784 3232 835 3299 ΑΙ.
857 3233 927 3317 171,
951 3232 1024 3297 455.
1072 3235 1125 3317 qui
1153 3254 1230 3297 usus
1257 3235 1320 3297 iam
1344 3231 1432 3319 apud
1456 3233 1634 3298 Homerum

233 3341 308 3403 satis
331 3339 483 3424 frequens
498 3337 587 3424 apud
602 3337 803 3404 Nicandrum
827 3361 901 3403 cum
925 3360 968 3402 ex
991 3339 1084 3402 huius
1106 3339 1280 3402 imitatione
1302 3347 1371 3401 tum
1394 3360 1437 3401 ex
1459 3339 1636 3402 rationibus

233 3445 373 3509 metricis
397 3443 609 3528 explicandus
633 3453 690 3508 est.
736 3453 823 3508 certe
847 3466 911 3508 uno
933 3452 1058 3507 tantum
1085 3441 1154 3506 loco
1177 3440 1344 3506 Nicander
1365 3442 1555 3506 femininum
1576 3464 1635 3527 pro

233 3548 407 3613 masculino
423 3548 572 3612 adhibuit
594 3558 694 3613 metro
717 3571 781 3613 non
797 3557 944 3633 cogente,
967 3546 1065 3611 Ther.
1083 3546 1146 3609 944
1169 3547 1311 3634 χαμηλην
1329 3546 1335 3630 Ι
1353 3546 1491 3611 ἵππειον
1509 3546 1635 3633 λειχῆνα

233 3651 307 3738 (nisi
328 3653 410 3718 forte
433 3653 485 3718 hic
508 3654 632 3741 χαμηλῆ
655 3652 862 3718 scribendum
886 3662 936 3716 est
950 3676 970 3715 a
985 3653 1125 3738 χαμηλής
1142 3649 1365 3735 derivandum,
1390 3650 1635 3717 40801115-

233 3756 302 3821 deri
325 3757 401 3823 adn.
418 3757 460 3824 ad
483 3757 579 3824 Ther.
597 3757 685 3843 856).

337 3950 358 4017 ¹)
378 3953 411 4003 cf.
430 3953 461 4003 Ο.
480 3952 626 4003 Schneider
643 3951 761 4017 prolegg.
780 3968 805 4016 p.
826 3952 883 4000 157.
909 3964 991 4015 quare
1010 3950 1091 3999 miror
1108 3964 1173 3998 sane
1191 3948 1262 4013 quod
1280 3946 1328 3997 ille
1346 3947 1424 3998 Ther.
1441 3949 1488 3997 121
1508 3947 1635 3997 traditum

233 4037 420 4106 δεδοκημένος
449 4041 477 4090 in
508 4037 697 4106 δεδοκημένον
728 4039 854 4101 mutavit3
891 4038 1012 4088 conferas
1044 4037 1144 4097 0730,
1175 4036 1240 4086 Hes.
1267 4040 1334 4086 scut.
1357 4035 1436 4085 Herc.
1457 4036 1516 4096 214,
1546 4033 1635 4099 Apoll.

232 4127 317 4177 Rhod.
331 4128 359 4177 II
376 4128 435 4177 408.

336 4212 358 4280 ²)
378 4215 410 4264 de
430 4216 556 4279 optativis
574 4220 655 4279 atque
673 4213 814 4263 infinitivis
833 4214 904 4279 apud
922 4211 1085 4262 Nicandrum
1104 4211 1323 4277 imperativorum
1341 4210 1399 4260 loco
1418 4208 1554 4274 usurpatis
1571 4224 1634 4257 nou-

232 4302 308 4352 nulla
326 4302 424 4352 adtulit
442 4302 557 4368 Witting
575 4319 600 4368 p.
620 4304 651 4351 41
667 4317 704 4366 sq.
724 4307 751 4352 et
769 4304 810 4352 50.
