3542 5059
243 200 304 266 106

239 396 299 459 viri
319 394 404 460 docti
424 399 634 481 consentiunt,
655 396 713 461 sed
729 399 756 461 ei
772 419 908 483 quaeres
924 396 1083 484 quomodo
1100 400 1276 484 composita
1291 400 1364 482 sint,
1388 397 1468 462 duas
1483 401 1516 463 in
1531 402 1640 486 primis

239 502 413 565 sententiae
441 510 552 565 extare
579 502 723 566 invenies
751 503 891 567 interae
915 502 1070 586 diversae,
1097 525 1203 588 neque
1229 512 1338 567 tamen
1360 505 1404 567 ita
1427 514 1640 590 comparatae,

239 615 274 670 ut
296 608 423 670 omnino
451 608 627 671 consociari
653 629 716 670 non
744 609 876 693 possint.
923 617 1020 692 atque
1047 630 1145 672 unam
1166 608 1205 671 L.
1228 607 1378 694 Schopcn
1400 611 1464 673 iam
1485 619 1559 674 ante
1582 610 1639 674 hos

239 711 318 776 LVI
340 733 440 775 annos
467 713 500 775 in
528 710 749 776 dissertatione
777 711 818 776 de
841 713 993 776 Terentio
1021 721 1052 776 et
1075 712 1203 776 Donato
1225 714 1293 776 eius
1316 714 1490 798 interprete
1512 714 1642 800 protulit

239 815 284 901 (p.
301 815 343 879 46
359 814 454 901 sqq),
482 838 579 902 quam
605 818 733 902 repetiit
758 839 863 903 nuper
889 817 1004 881 leviter
1030 826 1153 881 tantum
1175 819 1374 883 immutatam
1400 818 1440 882 R.
1461 817 1641 883 Sabbadini

239 919 333 986 Studi
358 920 428 985 Ital.
453 920 486 984 di
512 921 555 985 fil.
581 921 672 986 class.
700 922 733 985 Π
759 921 809 986 14.
853 922 1018 986 Donatum
1045 922 1078 986 hi
1105 921 1217 986 dicunt
1242 923 1374 986 unicum
1401 921 1532 1008 quidem
1559 945 1640 988 com-

239 1027 386 1089 mentarii
404 1024 488 1089 illius
508 1028 655 1112 perpetui
673 1035 837 1090 auctorem
857 1049 939 1110 esse,
960 1029 1136 1092 accessisse
1154 1036 1263 1092 tamen
1283 1036 1395 1113 postea
1414 1031 1641 1113 grammaticos

238 1131 290 1194 vel
321 1130 478 1214 librariae,
513 1133 567 1216 qui
597 1131 645 1195 his
676 1130 935 1196 adnotationibus
968 1134 1001 1196 in
1031 1132 1163 1197 brevius
1194 1134 1366 1197 contractis
1400 1155 1641 1219 nonnumquam

239 1245 362 1300 tantum
383 1237 555 1300 sententias
576 1258 696 1319 eorum,
719 1258 783 1300 uon
799 1235 902 1300 verba
924 1236 1134 1320 reddiderint,
1158 1236 1245 1301 unde
1268 1237 1389 1301 factum
1412 1259 1494 1321 esse,
1517 1247 1553 1302 ut
1575 1260 1641 1302 sae·

238 1343 309 1427 pius
332 1340 381 1404 bis
397 1351 488 1406 terve
505 1340 619 1405 eodem
641 1341 711 1406 loco
735 1340 866 1406 easdem
889 1364 941 1406 res
963 1340 1140 1427 explicatas
1157 1341 1479 1428 deprehendamus,¹)
1503 1341 1641 1428 denique

239 1445 326 1528 alios,
361 1447 416 1530 qui
450 1467 506 1510 suo
535 1446 641 1511 Marte
671 1446 798 1510 fabulas
832 1447 992 1511 illustrare
1028 1447 1089 1511 sibi
1117 1449 1367 1532 proposuissent,
1398 1449 1641 1511 commentarios

238 1551 333 1614 variis
349 1549 452 1614 modis
472 1550 728 1637 amplificavisse.
763 1551 848 1616 hanc
868 1554 966 1637 igitur
981 1551 1143 1637 Schopeni
1164 1553 1357 1616 sententiam
1376 1562 1505 1616 secutus
1522 1551 1642 1618 Sabba-

239 1653 305 1718 dini
325 1664 413 1719 certa
434 1655 549 1740 quibus
569 1657 602 1720 in
623 1655 755 1742 singulis
775 1656 902 1721 scholiis
923 1655 1146 1721 discernendis
1166 1666 1331 1721 uteremur
1345 1656 1464 1721 indicia
1483 1658 1644 1721 constituit

239 1781 311 1823 eam
332 1761 489 1824 rationem
512 1783 609 1846 quam
634 1761 672 1825 G.
691 1761 783 1825 Thilo
807 1771 839 1825 et
861 1762 903 1825 H.
920 1763 1040 1846 Hagen
1062 1764 1095 1825 in
1118 1762 1246 1827 scholiis
1270 1761 1375 1827 Servii
1397 1761 1439 1826 ad
1463 1761 1642 1844 Vergilium

239 1862 473 1949 distinguendis
489 1865 737 1952 adhibueruntll
754 1866 935 1952 amplexus.
962 1889 1063 1930 unum
1078 1868 1175 1950 igitur
1190 1865 1395 1931 scholiastam
1411 1865 1641 1948 adnotationes,

239 1968 354 2052 quibus
385 1969 505 2034 Donati
535 1972 711 2036 sentcntiae
741 1970 966 2047 refutarentur,
998 1971 1154 2036 adiecisse
1184 1973 1308 2054 statuit,
1340 1993 1420 2058 quas
1449 1973 1592 2057 incipere
1623 1995 1642 2035 a

238 2072 360 2137 voculis
383 2067 465 2158 ‘ego‘
480 2074 533 2138 vel
553 2067 622 2139 ‘sed
646 2069 760 2161 ego'33)
784 2076 921 2141 alterum
942 2086 999 2141 aut
1021 2076 1204 2161 corrigendi
1226 2085 1281 2140 aut
1302 2075 1521 2162 amplificandi
1544 2097 1643 2140 causa

237 2177 399 2263 quaedam
430 2179 594 2244 addidisse
624 2190 680 2244 aut
709 2190 876 2267 poetarum
906 2181 993 2245 locos
1023 2182 1078 2267 qui
1107 2183 1172 2244 iam
1199 2204 1219 2244 a
1245 2181 1373 2245 Donato
1404 2181 1642 2245 commemorati

239 2293 339 2368 erant,
368 2283 437 2348 aliis
464 2284 579 2349 adlatis
607 2287 747 2370 auxisse,
779 2309 875 2372 quam
903 2309 971 2350 rem
999 2286 1048 2350 his
1071 2286 1194 2351 voculis
1221 2288 1253 2350 in
1276 2287 1363 2350 initio
1386 2284 1498 2350 talium
1520 2284 1642 2350 addita-

238 2398 416 2452 mentorum
441 2392 551 2476 positis
574 2391 762 2476 significari:
801 2383 853 2475 ‘et,
879 2413 929 2475 ac,
958 2401 1076 2475 autem,
1106 2400 1223 2474 tamen,
1247 2392 1303 2473 sic,
1327 2412 1416 2475 ergo,
1438 2412 1524 2473 nam,
1547 2383 1642 2474 an.'⁴)

236 2604 351 2663 tertiam,
375 2601 472 2652 deinde
490 2600 524 2651 ad
541 2601 610 2652 Eun.
630 2602 643 2650 1
662 2603 685 2662 2,
704 2603 816 2666 rso-88,
839 2603 910 2663 112,
930 2604 1041 2667 11-20,
1063 2602 1169 2653 Phorm.
1188 2602 1202 2651 Ι
1220 2604 1244 2662 2,
1261 2603 1375 2670 fre-56.
1410 2605 1549 2667 praeterea
1571 2600 1642 2651 locos

237 2691 353 2742 Graecos
370 2691 399 2739 in
412 2690 534 2739 omnibus
552 2690 660 2739 scholiis
678 2689 804 2740 collectos
822 2690 856 2740 ad
869 2690 990 2740 codicum
1009 2689 1088 2740 fidem
1107 2689 1260 2740 emendatos
1278 2689 1369 2740 edidit.
1405 2704 1459 2739 non
1477 2703 1566 2739 meum
1584 2703 1643 2739 esse

237 2782 310 2842 puto,
334 2781 364 2827 ut
387 2777 420 2826 de
443 2777 489 2826 illo
513 2775 637 2827 editionis
660 2778 814 2841 specimine,
837 2777 870 2827 de
889 2793 941 2842 quo
960 2779 1052 2828 variae
1070 2793 1087 2828 a
1104 2777 1259 2828 censoribus
1276 2777 1426 2827 sententiae
1444 2775 1564 2841 prolatae
1580 2782 1644 2827 sunt

238 2864 281 2932 (cf.
295 2864 355 2929 eph.
369 2863 447 2915 hebd.
461 2864 577 2917 Berolin.
593 2865 669 2926 1894,
687 2881 712 2928 p.
725 2866 775 2914 395
786 2879 842 2929 sqq.
855 2870 882 2915 et
896 2866 971 2927 1896,
990 2881 1015 2930 p.
1029 2865 1080 2914 426
1094 2862 1171 2930 sqq),
1189 2864 1254 2928 quid
1266 2865 1379 2914 sentiam
1391 2863 1442 2914 hoc
1459 2862 1518 2914 loco
1535 2877 1642 2913 accura-

237 2954 290 3002 tius
309 2967 452 3017 exponam3
476 2951 504 3000 id
521 2967 585 3002 vero
609 2967 641 3001 eo
663 2951 788 3001 effectum
811 2966 869 3002 esse
892 2958 965 3016 puto,
987 2957 1018 3002 ut
1035 2954 1058 3002 si
1076 2967 1130 3001 non
1147 2953 1212 3002 satis
1230 2951 1314 3012 firmo,
1331 2956 1422 3001 tamen
1440 2951 1530 3015 aliquo
1548 2950 1643 3001 funda·

237 3045 326 3090 mento
345 3041 374 3089 in
392 3040 442 3091 bac
461 3041 616 3104 quaestione
634 3039 798 3090 instituenda
815 3041 856 3089 uti
874 3041 1012 3105 possimus.
1048 3045 1167 3090 ceterum
1185 3054 1217 3090 ea
1235 3055 1288 3089 non
1305 3045 1360 3089 tam
1378 3039 1408 3088 in
1425 3038 1538 3104 singulis
1553 3039 1643 3090 verbis

237 3144 316 3192 quam
334 3129 363 3177 in
382 3127 581 3177 enuntiatorum
600 3127 739 3177 sententiis
757 3127 942 3178 examinandis
960 3132 1088 3177 versatur.
1124 3141 1193 3191 quae
1212 3143 1273 3177 cum
1290 3128 1330 3176 ita
1347 3127 1409 3188 sint,
1427 3127 1573 3177 rectissime
1590 3125 1643 3175 I.I.

237 3217 370 3266 Hartman
392 3216 420 3264 in
444 3216 667 3265 commentatione
690 3214 723 3264 de
741 3214 868 3264 Terentio
894 3220 921 3264 et
938 3216 1044 3265 Donato
1068 3230 1093 3279 p.
1108 3216 1158 3264 120
1176 3215 1219 3264 vel
1242 3215 1271 3263 in
1290 3229 1322 3264 ea
1340 3228 1409 3278 quae
1427 3229 1498 3263 nunc
1516 3218 1557 3264 est
1574 3228 1643 3262 com-

238 3304 321 3353 menti
339 3303 486 3353 Donatiani
504 3302 660 3352 condicione
678 3302 754 3352 nobis
772 3317 831 3352 eam
849 3317 904 3352 rem
923 3302 1034 3366 adgredi
1052 3300 1134 3352 licere
1152 3301 1286 3364 adfirmat3
1306 3315 1368 3351 nam
1386 3302 1436 3350 etsi
1449 3305 1573 3366 corrupta
1590 3301 1645 3350 sint

238 3390 340 3440 scholia
358 3391 402 3440 vel
421 3388 512 3440 lacera
530 3389 687 3454 mutilaque,
708 3394 798 3440 tamen
817 3391 863 3439 vix
885 3388 971 3439 ullum
995 3404 1086 3440 eorum
1106 3389 1172 3439 adeo
1191 3389 1366 3454 depravatum
1384 3403 1449 3448 esse,
1472 3389 1537 3452 quin
1554 3393 1646 3438 tamen

237 3479 370 3529 sententia
393 3479 451 3528 eius
474 3479 508 3527 sit
530 3479 593 3528 satis
612 3478 753 3543 perspicua
770 3479 959 3542 scriptorisque
978 3493 1011 3527 ex
1030 3492 1060 3528 eo
1080 3476 1185 3526 eluceat
1203 3476 1353 3526 consilium.
1388 3477 1417 3525 in
1435 3475 1545 3525 scholiis
1562 3475 1645 3540 signi·

236 3565 348 3616 ficandis
371 3565 415 3616 vel
438 3565 599 3627 adferendis,
621 3567 644 3615 si
667 3580 737 3629 quae
759 3579 776 3614 a
794 3565 958 3616 Sabbadinio
981 3564 1054 3616 edita
1076 3569 1146 3624 sunt,
1169 3564 1249 3613 huius
1271 3563 1426 3613 recensione
1448 3578 1512 3613 usus
1529 3578 1598 3623 sum,
1615 3563 1644 3611 in

236 3655 331 3704 ceteris
344 3653 465 3703 Terentii
482 3653 599 3703 editione
616 3669 633 3702 a
644 3652 758 3702 Ricardo
771 3652 851 3712 Klotz
864 3659 964 3714 curata,
983 3667 1052 3716 quae
1064 3653 1174 3717 Lipsiae
1186 3666 1210 3701 a.
1224 3650 1396 3700 1838-1840
1407 3649 1513 3715 prodiit.
1538 3646 1645 3699 fabulas

237 3741 330 3792 eodem
349 3740 442 3791 ordine
461 3740 579 3806 disposui
598 3757 650 3805 quo
663 3755 712 3790 eae
730 3741 759 3790 in
779 3741 902 3790 omnibus
919 3746 1026 3806 praeter
1044 3756 1127 3789 unum
1139 3740 1304 3789 Parisiacum
1323 3737 1460 3787 codicibus
1478 3741 1506 3786 et
1522 3736 1645 3786 editioni-

236 3832 285 3880 bus
299 3829 466 3888 exhibentur,
479 3834 509 3877 ut
521 3828 648 3878 Andriam
660 3828 808 3878 Eunuchus
821 3827 938 3892 Adelphi
950 3828 1058 3893 Hecyra
1071 3828 1196 3877 Phormio
1210 3829 1366 3891 sequantur.
1394 3826 1422 3875 in
1440 3824 1497 3876 solo
1509 3824 1645 3874 Parisiaco

238 3916 354 3982 Adelphi
377 3916 492 3966 alterum
511 3921 570 3982 post
587 3915 715 3966 Andriam
739 3916 826 3966 locum
846 3916 976 3979 obtinent,
999 3914 1070 3979 quod
1092 3920 1199 3980 propter
1221 3927 1388 3964 communem
1411 3912 1519 3976 utrique
1536 3910 1646 3960 fabulae

240 4004 357 4054 litteram
375 4003 508 4054 initialem
526 4004 625 4053 factum
645 4018 703 4054 esse
721 4003 838 4068 adparet.

341 4089 362 4157 ¹)
381 4091 546 4141 luculentum
565 4092 623 4140 eius
642 4091 681 4140 rei
700 4090 851 4155 exemplum
870 4091 982 4155 praebet
999 4089 1081 4140 schol.
1099 4088 1180 4139 Andr.
1193 4091 1206 4139 I
1221 4091 1243 4148 1,
1256 4089 1298 4138 28.

340 4175 362 4243 ²)
382 4178 415 4228 cf.
429 4177 511 4243 praef.
525 4194 550 4242 p.
564 4179 587 4227 9.
607 4177 723 4241 praeivit
741 4177 769 4226 in
788 4176 839 4226 hac
857 4192 886 4226 re
904 4176 936 4226 A.
949 4177 1054 4228 Teuber
1072 4176 1151 4243 (Ann.
1169 4175 1234 4241 phil.
1254 4174 1441 4240 cxxxxur),
1464 4175 1510 4240 qui
1533 4173 1647 4224 eandem

236 4267 367 4317 rationem
386 4264 546 4315 scholiorum
565 4263 813 4329 distinguendorum
835 4264 870 4314 ad
888 4265 988 4315 Donati
1007 4265 1210 4315 commentarios
1227 4263 1372 4314 transtulit.
1408 4262 1495 4313 veluti
1512 4261 1649 4328 particula

237 4349 280 4403 ‘et’
299 4367 379 4417 saepe
398 4353 511 4403 alterum
529 4351 659 4401 scholium
679 4353 761 4417 priori
780 4351 842 4402 addi
860 4352 927 4401 locis
945 4367 978 4402 ex
996 4351 1109 4417 singulis
1128 4352 1226 4402 fabulis
1244 4351 1342 4402 adlatis
1360 4351 1552 4417 comprobavit.

341 4437 363 4504 ³)
383 4440 462 4489 huius
481 4439 519 4488 rei
539 4439 662 4504 exempla
680 4439 767 4490 adfert
785 4440 813 4489 II
833 4442 863 4489 13
882 4440 944 4489 adn.
959 4422 1085 4489 1:‘Andr.
1099 4439 1165 4501 114,
1178 4441 1202 4500 7,
1220 4439 1289 4489 Eun.
1302 4441 1315 4489 I
1329 4441 1353 4499 2,
1365 4441 1391 4500 b,
1409 4438 1457 4489 Ad.
1470 4438 1484 4488 Ι
1496 4441 1521 4500 2,
1533 4441 1559 4500 7,
1577 4439 1647 4488 Hec.

237 4528 279 4580 III
297 4529 322 4589 4,
335 4529 378 4588 26,
395 4527 501 4576 Phorm.
516 4527 529 4575 1
544 4528 569 4587 2,
582 4528 616 4575 24
628 4526 662 4576 al.

340 4612 362 4679 ⁴)
381 4615 466 4664 veluti
484 4613 564 4664 Andr.
583 4612 648 4679 prol.
668 4616 714 4679 163
737 4615 843 4678 113,6;
866 4613 1000 4676 Eumld,
1014 4616 1060 4678 673
1083 4615 1221 4679 1111‚4o;
1243 4615 1395 4678 11116‚23;
1417 4613 1451 4665 cf.
1465 4630 1490 4679 p,
1504 4616 1534 4662 11
1555 4613 1648 4664 adm3

239 4709 266 4753 et
284 4702 363 4752 Sabb.
377 4701 418 4750 111
436 4703 486 4751 343
497 4718 545 4767 sq,
564 4701 671 4754 Teuber
688 4720 714 4768 p.
729 4704 768 4751 14.
