3542 5059
249 200 292 264 58

249 392 386 457 verbum
414 390 559 455 adicitur.
569 388 593 475 1)
638 401 767 477 praeter
794 390 950 475 pluralem
979 390 1112 453 formam
1141 380 1195 455 οἷα
1223 390 1415 474 singularem
1445 380 1514 456 οἷον
1537 390 1650 455 eodem

216 534 218 540 ·
250 520 346 562 sensu
375 495 587 581 adhibitam)
611 494 758 560 videmus
792 495 891 559 Ther.
916 493 978 558 195
1011 499 1119 581 μορφὴ
1152 490 1184 559 d‘
1207 496 1352 577 ἰχνειτᾶο
1379 494 1556 560 κινωπέτου
1583 485 1652 561 οἷον

248 602 387 689 ἀμυύρῆς
407 600 411 687 Ι
429 599 553 680 ἰ’κτιύος
568 609 599 665 et
614 600 679 664 525
701 588 770 666 οἷόν
785 596 814 664 τ’
830 600 998 688 ἀσφάλτου
1013 599 1261 686 ἀπερεύγεται.3)
1284 600 1461 684 particulae
1478 609 1586 664 autem
1601 624 1650 665 eo·

247 706 385 792 pulatae,
410 728 489 792 quas
506 704 671 769 Nicander
693 704 849 789 adhibuit,
873 704 934 768 hae
958 712 1046 767 sunt:
1071 704 1114 782 ὡς
1129 701 1162 768 εἴ
1173 728 1208 769 τε
1217 703 1244 791 ⁴)
1268 704 1364 770 Ther.
1382 704 1446 769 240
1462 704 1560 769 ε1ΑΙ.
1577 704 1649 789 382,

248 811 364 896 quibus
394 810 471 874 locis
498 809 599 874 verbo
631 810 814 873 carentibus
846 810 889 888 ὡς
915 808 1001 874 εἴτε
1029 818 1103 873 ante
1135 831 1304 874 caesuram
1326 809 1523 874 trochaicam
1550 818 1649 892 extat,

248 916 299 980 Al.
325 914 399 1000 258,
434 915 491 979 ubi
514 916 557 1011 ᾡς
579 912 611 978 ei'
629 938 664 979 τε
687 913 787 979 verbo
815 916 1006 979 instructum
1033 936 1165 978 versum
1194 913 1333 995 incohat,
1362 917 1460 979 κακὸν
1490 917 1650 1000 ἀποήρογε

247 1021 362 1105 δειρῆς,
383 1019 388 1104 1
408 1020 452 1098 ὡς
472 1017 558 1084 εἴτε
580 1022 701 1104 κρεάων
724 1019 862 1105 θολερὸν
892 1019 1003 1103 πλύμα
1033 1022 1148 1100 χεύατο
1176 1019 1306 1106 δαιτρός
1336 1017 1513 1106 (dependet
1542 1029 1650 1084 autem

246 1124 308 1188 hoo
331 1124 401 1188 loeo
424 1123 466 1188 ab
490 1125 606 1187 aoristo
628 1126 776 1208 gnomico
800 1123 946 1187 eiusdem
967 1126 1096 1209 generis
1119 1122 1278 1210 aoristus),
1302 1126 1345 1203 ὡς
1359 1123 1392 1189 εἷ’
1404 1148 1465 1209 περ
1475 1123 1501 1210 ⁵)
1517 1123 1569 1188 Al.
1585 1123 1650 1186 494

247 1228 323 1315 (quo
350 1228 453 1293 verbo
481 1251 544 1293 non
575 1227 685 1292 addito
711 1250 825 1293 versus
855 1227 1043 1314 inducitur),
1076 1228 1119 1307 ὡς
1145 1224 1205 1315 (d')
1234 1227 1334 1295 ὁπότε
1343 1228 1370 1315 ⁶)
1401 1228 1452 1293 Al.
1478 1228 1520 1293 30
1554 1230 1597 1306 ὡς
1619 1223 1649 1316 d'

247 1328 531 1418 ὁπότ’ἀγριόεσσαν
554 1331 801 1419 ύποθλίψαντες
822 1334 953 1419 ὀπώρην
971 1331 976 1418 Ι
995 1331 1125 1419 Σιληνοὶ
1146 1339 1275 1418 κεραοῖο
1293 1335 1469 1399 Διωνύσοιο
1492 1330 1647 1418 vaeneat)

246 1448 374 1524 πρῶτον
410 1435 621 1525 ἒπαφρίζοντι
657 1448 748 1526 ποτῷ
787 1436 887 1525 φρένα
920 1435 1148 1526 θωρηχθέντες
1175 1437 1180 1520 l
1206 1438 1334 1522 ύθμασι
1367 1438 1556 1524 ύινὴθησαν,
1592 1434 1650 1501 ἐπὶ

246 1544 434 1631 σφαλεροῖσι
464 1542 499 1608 δὲ
525 1541 663 1629 κώλοις)
685 1539 828 1629 Νυσαίην
855 1546 916 1608 ἀνὰ
943 1542 1050 1607 κλιτὺν
1075 1540 1260 1627 ἐπέδραμον
1286 1539 1502 1629 ἀφραίνοντες,
1523 1540 1527 1628 Ι
1548 1543 1591 1620 ὣς
1618 1541 1651 1606 οἵ

246 1672 280 1731 γε
310 1649 481 1731 σκοτύωσι,
513 1647 574 1710 341
603 1647 697 1735 νηδὺς
724 1645 976 1731 διαπίμπραται,
1008 1648 1051 1725 ὡς
1080 1643 1183 1713 ὁπόθ’
1209 1648 1324 1733 ύδρωψ
1343 1649 1347 1729 1
1367 1648 1561 1730 τυμπανόεις
1590 1648 1649 1710 ἀνὰ

245 1751 367 1838 μέσσον
394 1755 570 1840 ἀφυσγετὸς
596 1752 742 1840 ὀμφαλὸν
762 1751 833 1832 ἵζει,
861 1742 931 1818 οἷον
953 1751 1042 1839 dael)
1066 1752 1162 1817 Ther.
1187 1752 1251 1815 422
1273 1754 1393 1837 ἐχθρὸν
1415 1750 1547 1839 diptota)
1578 1741 1648 1818 οἷον

246 1855 301 1923 ὅτε
334 1857 529 1923 πλαδόωντα
566 1854 640 1941 περὶ
673 1857 772 1923 σκύλα
810 1855 864 1922 καὶ
898 1852 980 1939 ύέρε’
1007 1856 1120 1922 ἳππων
1139 1856 1145 1941 Ι
1163 1860 1378 1941 γναπτόμενοι
1399 1857 1561 1941 μούόωσιν
1592 1852 1648 1920 ύπ)

245 1961 414 2050 ἀρβήλοισι
447 1961 617 2045 λύθαργοι.
662 1960 711 2024 his
745 1960 847 2029 tribus
880 1962 958 2025 locis
987 1961 1090 2025 verba
1124 1960 1240 2049 (primo
1272 1963 1425 2026 aoristum
1455 1962 1648 2045 gnomicum,

244 2066 344 2130 altero
366 2068 523 2151 tertioque
546 2064 715 2152 praesens)
745 2064 873 2130 adiecta
903 2065 1004 2129 habes
1036 2088 1139 2151 eaque
1169 2089 1189 2130 a
1218 2068 1370 2151 temporis
1399 2067 1578 2151 praesentis
1604 2067 1648 2129 in·

246 2170 390 2235 dicativis
427 2179 511 2257 apta.
572 2170 747 2255 particulae
784 2173 884 2256 ipsae,
928 2171 1044 2257 quibus
1082 2174 1247 2235 enuntiata
1284 2173 1504 2256 comparativa
1539 2169 1649 2234 verbis

245 2277 388 2339 carentia
414 2274 619 2359 inducuntur,
647 2278 705 2359 rei,
733 2298 872 2361 quacum
900 2276 1001 2340 altera
1025 2276 1197 2358 confertur,
1224 2275 1344 2362 ubique
1372 2275 1573 2361 praecedunt
1594 2297 1649 2338 ex-

244 2382 344 2465 ceptis
366 2379 444 2443 locis
460 2379 557 2445 Ther.
575 2379 639 2443 814
669 2378 756 2466 (νήιά
775 2375 814 2444 θ’
829 2378 926 2466 ὡς),8)
949 2379 1011 2445 297
1023 2380 1078 2467 (P),
1101 2379 1165 2444 446
1189 2369 1280 2468 (οἷα),
1304 2379 1356 2445 ΑΙ.
1372 2379 1446 2465 468,
1463 2379 1527 2444 478
1551 2377 1647 2466 (dre).

244 2483 358 2569 quodsi
395 2505 504 2549 eorum
543 2508 625 2570 quae
664 2483 705 2548 de
744 2487 915 2550 enuntiatis
949 2487 1175 2571 comparativis
1210 2485 1454 2550 observavimus
1491 2506 1650 2549 summam

245 2589 391 2673 facimuS,
414 2598 488 2653 ante
505 2591 611 2653 omnia
626 2588 802 2654 notandum
819 2599 868 2654 est
884 2593 1138 2675 comparationes
1153 2590 1249 2675 longe
1264 2591 1407 2677 plurimis
1423 2591 1500 2654 locis
1516 2588 1650 2673 singulis

245 2702 367 2758 tantum
390 2693 558 2758 vocabulis
581 2693 634 2757 vel
657 2694 866 2758 substantivis
890 2693 1001 2779 (Ther.
1023 2694 1093 2779 178,
1114 2694 1188 2778 259,
1205 2695 1279 2778 294,
1300 2695 1374 2778 375,
1390 2694 1463 2777 525,
1484 2694 1558 2776 543,
1575 2692 1648 2777 814,

246 2798 320 2882 833,
344 2796 396 2865 Al.
416 2797 488 2884 160,
504 2798 578 2884 356,
595 2797 668 2885 542,
685 2797 762 2885 570)
779 2800 836 2864 vel·
853 2802 1030 2885 participiis
1053 2800 1263 2865 adiectivisve
1287 2798 1398 2886 (Ther.
1416 2798 1467 2883 20,
1484 2798 1558 2879 241,
1576 2797 1648 2882 774,

349 3059 370 3127 ¹)
388 3060 461 3111 haud
478 3062 533 3110 scio
545 3076 580 3111 an
593 3065 665 3113 recte
678 3061 731 3112 huc
744 3062 895 3112 referantur
913 3062 965 3112 loci
978 3063 1057 3112 Ther.
1072 3064 1121 3111 762
1133 3079 1171 3127 sq.
1191 3069 1218 3112 et
1230 3062 1271 3111 Al.
1285 3063 1335 3111 293
1349 3077 1413 3126 sqq,
1432 3061 1529 3125 quibus
1541 3059 1649 3111 relativi

245 3144 290 3201 οἶα
308 3150 367 3200 loco
386 3149 623 3199 demonstrativum
642 3151 702 3199 τοῖοι
721 3151 826 3200 ratione
844 3152 956 3200 metrica
974 3151 1137 3215 postulatum
1155 3152 1184 3199 in
1202 3150 1270 3215 pede
1288 3151 1382 3213 quinto
1401 3148 1506 3214 legitur.
1536 3164 1650 3212 quorum

244 3238 291 3289 ille
314 3238 386 3287 hunc
408 3238 437 3287 in
460 3236 567 3287 modum
590 3236 658 3286 mihi
681 3236 856 3307 explicandus
879 3253 938 3287 esse
961 3238 1079 3287 videtur:
1108 3239 1193 3305 πτερὰ
1216 3234 1319 3304 ἔγχνού
1338 3234 1420 3298 ἔστιν,
1443 3237 1479 3291 ὡς
1497 3237 1650 3302 φαείνεται,

244 3327 318 3381 ὅστις
335 3326 427 3387 κονίης
444 3324 460 3388 ἢ
478 3324 524 3374 καὶ
543 3322 620 3390 (ἀπὸ)
639 3322 771 3388 σπληύοῐο
790 3323 895 3393 ἐπαύρῃ
913 3321 1026 3390 ‘pennae
1044 3325 1219 3391 lanuginosae
1232 3330 1302 3388 sunt,
1320 3322 1542 3389 quemadmodum
1561 3321 1649 3387 (lann-

243 3415 306 3479 gine
329 3409 497 3477 conspersus)
521 3411 631 3477 adparet
654 3413 816 3477 quicumque
838 3412 976 3478 pulverem
1000 3414 1152 3463 cineremve
1174 3408 1284 3478 tetigit'3
1311 3426 1372 3462 nam
1395 3412 1496 3476 siquis
1519 3409 1650 3475 impedita

242 3500 384 3549 verborum
402 3498 579 3549 collocatione
596 3498 746 3563 offenditur,
770 3500 891 3550 conferat
908 3500 990 3550 velim
1002 3501 1082 3551 Ther.
1097 3503 1146 3550 190
1158 3517 1196 3565 sq.
1216 3505 1243 3550 et
1254 3499 1296 3548 Al.
1312 3502 1361 3549 115
1374 3515 1411 3564 sq.
1431 3498 1475 3564 (cf.
1494 3498 1524 3547 0.
1538 3498 1648 3548 Schnei-

243 3588 300 3637 deri
316 3587 377 3637 adn.
395 3586 429 3636 ad
445 3586 473 3635 b.
491 3584 530 3651 1.),
549 3586 660 3637 Theocr.
673 3586 804 3637 XXVIIII
822 3588 837 3637 3
855 3588 929 3654 κήγὼ
941 3587 996 3654 μὲν
1008 3588 1041 3638 τὰ
1055 3592 1166 3656 φρενῶν
1185 3587 1251 3655 ἐρέω
1270 3583 1342 3637 κέατ’
1356 3584 1385 3637 ἐν
1396 3588 1491 3653 μσχῷ,·
1508 3589 1649 3649 praeterea

244 3673 305 3723 vide
317 3674 353 3724 Μ.
367 3673 488 3724 Schmidt
506 3673 572 3724 Mus.
594 3674 668 3724 rhen.
687 3672 778 3723 XXVI
796 3692 821 3740 p.
837 3677 886 3725 180
905 3680 932 3725 et
951 3676 981 3725 0.
995 3676 1142 3727 Schneider
1160 3675 1255 3726 Calli
1273 3692 1298 3740 p.
1312 3676 1370 3724 429.

346 3767 369 3834 ²)
388 3763 449 3820 οἷον
470 3770 499 3817 in
522 3769 614 3820 eodem
638 3774 718 3835 atque
742 3763 786 3819 οἶα
810 3786 903 3821 versus
925 3771 993 3837 pede
1015 3787 1101 3838 eoque
1123 3771 1167 3821 vel
1190 3772 1275 3839 primo
1298 3768 1388 3835 (Ther.
1406 3767 1468 3834 525)
1487 3770 1531 3819 vel
1553 3770 1648 3833 quinto

243 3856 332 3921 (Ther.
348 3855 409 3922 195)
428 3856 535 3922 legitur.

346 3950 368 4017 ³)
387 3946 448 4003 οἶόν
466 3949 489 4002 τ’
507 3968 593 4018 paene
615 3953 644 4002 in
667 3954 803 4003 notionem
827 3954 918 4004 Latini
942 3952 1036 4019 ‘quasi’
1054 3955 1099 4005 vel
1121 3957 1210 4021 potius
1229 3951 1300 4005 ‘fere'
1323 3954 1421 4004 abiisse
1439 3952 1557 4015 videtur3
1584 3968 1648 4002 nam

243 4045 400 4105 expectatur
418 4040 462 4089 vel
485 4034 545 4090 οἶόν
564 4037 587 4089 τ’
605 4038 745 4107 ἀσφαλτος
763 4040 945 4109 ἀνερεύγεται
962 4042 1006 4093 vel
1030 4042 1136 4108 (omisso
1155 4037 1216 4093 οἷόν
1234 4042 1273 4109 τε)
1297 4041 1441 4108 ἀσφάλτου
1460 4037 1649 4106 ἀπερεύγεται.

345 4134 367 4201 ⁴)
387 4134 421 4186 cf.
439 4139 470 4185 A
488 4137 539 4184 474
562 4139 590 4185 et
610 4138 625 4195 ξ
644 4138 703 4197 254,
729 4138 825 4201 quibus
848 4138 915 4187 locis
936 4139 1049 4189 verbum
1071 4139 1153 4200 deest,
1176 4142 1206 4189 N
1218 4140 1278 4202 492,
1301 4138 1349 4187 ubi
1371 4137 1532 4187 indicativus
1554 4137 1648 4186 coristi

241 4224 358 4289 gnomici
376 4227 461 4287 extat,
479 4224 586 4288 saepius
605 4239 668 4273 vero
686 4224 758 4289 apud
777 4225 924 4276 Homerum
943 4226 970 4275 id
988 4242 1072 4291 genus
1091 4226 1157 4277 locis
1175 4227 1309 4291 optativus
1327 4226 1472 4275 invenitur.

345 4316 367 4383 ⁶)
387 4320 420 4369 cf.
439 4336 463 4384 p.
478 4321 511 4368 46
530 4319 634 4383 1111118,
653 4325 793 4385 praeterea
811 4322 873 4371 vide
892 4321 925 4371 de
943 4323 993 4372 hoc
1011 4323 1069 4373 loco
1088 4324 1108 4373 I.
1124 4324 1154 4375 G.
1169 4321 1315 4373 Schneider
1333 4338 1358 4387 p.
1372 4323 1430 4370 239.

345 4414 367 4480 ⁶)
386 4417 418 4466 cf.
437 4419 469 4466 A
486 4418 537 4466 492
550 4432 601 4481 sq.;
625 4419 731 4483 saepius
750 4417 835 4468 veluti
853 4422 884 4468 A
897 4421 957 4483 305,
976 4418 995 4469 d
1013 4422 1064 4469 335
1083 4421 1269 4470 coniunctivae
1287 4419 1393 4484 legitur.
1429 4417 1647 4482 frequentissima

241 4508 331 4554 autem
349 4503 464 4553 formula
482 4505 517 4561 ὡς
536 4500 561 4554 d'
581 4506 625 4555 ύτε
645 4511 696 4568 est3
715 4506 747 4554 cf.
767 4506 896 4557 Kuehner
913 4507 940 4555 Π
959 4509 1018 4570 217,
1037 4511 1052 4556 5
1072 4511 1099 4559 et
1116 4509 1176 4569 994,
1196 4510 1218 4571 1,
1238 4507 1360 4573 Krueger
1379 4507 1421 4556 Di.
1441 4507 1512 4567 554,
1525 4507 1566 4569 17,
1579 4508 1604 4554 5.

346 4597 366 4665 ⁷)
386 4600 419 4649 cf.
438 4600 528 4650 Ameis
547 4601 579 4650 ad
598 4618 614 4651 ν
633 4603 684 4651 387
697 4618 765 4666 sqq.;
785 4602 853 4653 adde
871 4603 959 4654 locum
977 4620 993 4652 κ
1011 4606 1070 4654 462.

346 4692 368 4759 ⁸)
387 4710 456 4759 quae
475 4696 613 4745 collocatio
633 4696 703 4761 apud
722 4697 868 4747 Homerum
887 4699 994 4762 quidem
1013 4700 1187 4751 usitatissima
1205 4703 1251 4748 est.
