3542 5059
1514 161 1575 225 133

176 380 250 422 cum
277 379 374 443 saepe
403 356 444 421 de
472 357 587 421 eadem
610 379 645 421 re
669 366 766 443 atque
788 359 821 421 in
844 354 971 420 scholiis
994 355 1195 439 Donatianis,
1219 353 1278 419 sed
1301 343 1456 418 eruditius
1478 364 1575 440 atquc

175 463 333 547 copiosius
354 461 546 548 disputetur,
561 461 655 527 Thilo
672 471 704 526 et
718 462 835 546 Hagen
859 460 914 547 (cf.
930 461 1032 547 praef.
1048 482 1123 546 pag.
1139 457 1254 545 XXII)
1277 458 1404 524 scholiis
1428 481 1510 545 quae
1533 458 1576 524 ad

174 565 257 631 Aen.
274 567 325 630 XI
354 566 416 630 143
444 576 476 631 01
502 565 570 631 XII
598 565 659 630 657
688 566 839 652 leguntur
865 568 927 630 nisi
954 565 1154 630 contendunt
1179 568 1213 629 in
1240 564 1353 630 Servio
1384 563 1576 628 scholiorum

174 671 299 736 illorum
315 673 482 757 pristinam
501 672 638 736 formam
658 680 818 736 servatam
838 693 919 752 esse,
944 680 1056 735 contra
1074 671 1107 734 in
1123 671 1251 735 Donato
1273 679 1398 734 tantum
1420 677 1577 754 excerpta

174 785 296 840 extare.
342 775 391 840 his
414 775 541 841 scholiis
565 775 642 840 addi
665 786 799 862 possunt
821 799 860 841 01
883 799 966 862 quae
982 775 1119 840 Andr.I
1144 773 1310 858 1,81.88.
1330 773 1392 838 100
1413 773 1574 857 leguntur,

175 879 292 965 quibus
318 880 397 945 locis
424 881 521 946 funus
547 905 567 946 a
595 881 757 945 funalibus
786 881 952 945 derivatur
974 881 1089 945 eodem
1112 880 1207 944 modo
1231 901 1293 965 quo
1316 879 1404 965 apud
1427 879 1576 945 Servium

174 985 258 1049 Aen.
282 986 299 1050 I
329 986 390 1049 727
423 995 454 1049 01
481 986 531 1049 XI
562 986 633 1068 143,
664 988 707 1070 ita
734 995 843 1050 tamen
870 996 906 1050 ut
936 985 1023 1070 apud
1053 985 1139 1050 hunc
1167 984 1393 1071 etymologiam
1419 982 1506 1048 illam
1532 981 1575 1046 ad

174 1091 330 1155 Varronis
352 1089 393 1154 de
416 1091 482 1154 vita
503 1091 613 1177 populi
628 1091 765 1155 Romani
784 1090 901 1154 librum
922 1101 954 1155 01
968 1091 1119 1155 Verrium
1139 1090 1296 1155 Flaccum
1314 1088 1420 1153 redire
1440 1089 1574 1154 dicatur.

174 1197 263 1260 vocis
292 1195 466 1281 hymenaei
496 1198 585 1281 origo
615 1195 731 1280 triplici
761 1195 855 1260 modo
887 1195 1069 1281 explicatur
1099 1194 1161 1261 Ad.
1185 1196 1217 1259 V
1247 1194 1336 1279 ’1,6;
1366 1217 1442 1260 nam
1472 1203 1504 1259 et
1533 1192 1576 1257 ad

174 1301 413 1387 Hymenaeum,
441 1299 553 1365 Liberi
581 1310 613 1365 et
634 1301 772 1366 Veneris
794 1301 905 1383 filium,
934 1311 966 1365 et
992 1301 1162 1365 advirum
1189 1301 1352 1386 quendam
1374 1298 1518 1364 Atticum
1546 1308 1578 1363 et

174 1404 217 1470 ad
237 1405 469 1488 membranam,
491 1429 555 1492 qua
574 1408 741 1492 virginitas
761 1409 884 1471 munita
904 1417 961 1491 est,
981 1405 1128 1471 refertur.
1160 1407 1264 1491 prima
1283 1415 1315 1470 et
1334 1405 1436 1470 altera
1456 1414 1576 1491 etymo·

174 1508 259 1594 logia
281 1533 300 1574 a
324 1510 436 1575 Servio
460 1510 502 1575 ad
525 1510 641 1576 Aen.I
664 1510 724 1575 651
752 1533 879 1597 quoque
902 1511 1046 1576 breviter
1068 1513 1216 1595 exposita
1237 1519 1299 1594 est,
1330 1509 1389 1574 sed
1411 1508 1453 1574 ab
1476 1509 1576 1573 altero

174 1614 346 1680 scholiasta
373 1615 483 1680 fabula
514 1615 555 1680 de
577 1616 770 1703 Hymenaeo
799 1626 831 1681 et
860 1616 923 1680 deo
946 1626 979 1680 et
1000 1619 1068 1681 viro
1093 1617 1252 1701 copiosius
1275 1638 1371 1701 quam
1394 1617 1427 1680 in
1449 1614 1577 1679 scholiis

175 1721 366 1786 Donatianis
390 1731 539 1786 narratur
561 1721 602 1785 ad
623 1720 706 1786 Aen.
722 1721 790 1786 IIII
813 1721 855 1784 99
879 1731 912 1786 et
937 1720 1007 1786 127.
1042 1720 1180 1785 verbum
1202 1720 1385 1786 remorandi
1408 1744 1429 1785 a
1450 1742 1577 1785 remora

174 1829 263 1912 pisce
288 1825 500 1891 derivandum
524 1849 595 1890 esse
618 1825 735 1911 legitur
750 1827 854 1892 Andr.
871 1827 940 1891 IIII
963 1828 993 1910 3,
1009 1827 1062 1911 24,
1085 1826 1168 1890 Eun.
1186 1826 1219 1891 II
1238 1827 1268 1910 3,
1287 1826 1341 1909 103
1365 1825 1452 1890 idem
1475 1824 1577 1888 habes

174 1930 262 2017 apud
286 1931 435 1998 Servium
458 1930 501 1996 ad
524 1930 607 1996 Aen.
632 1932 714 1997 VIII
736 1930 809 2015 699,
833 1932 890 1996 ubi
912 1931 1042 1996 additur
1064 1931 1148 1996 hanc
1172 1930 1398 2018 etymologiam
1421 1952 1463 1994 ex
1482 1929 1577 1994 Plinii

175 2035 319 2101 Secundi
341 2036 489 2102 Naturali
515 2036 647 2101 historia
675 2035 730 2123 (cf.
753 2036 852 2102 VIIII
880 2037 937 2119 793
967 2036 1103 2100 XXXII
1125 2037 1146 2099 2
1168 2035 1231 2122 sq.)
1255 2037 1411 2120 originem
1434 2034 1576 2098 duxisse.

175 2140 234 2206 sed
265 2139 313 2205 his
344 2143 540 2225 argumentis
570 2163 776 2227 nequaquam
809 2139 1037 2227 comprobatur
1067 2141 1189 2205 scholia
1219 2141 1402 2204 Donatiana
1434 2162 1477 2204 ex
1507 2138 1577 2203 Ser-

175 2246 280 2310 vianis
308 2256 464 2331 excerpta
494 2267 575 2330 esse,
608 2269 682 2309 cum
711 2246 789 2310 nihil
823 2245 929 2311 obstet
959 2248 1128 2331 quominus
1159 2255 1336 2310 statuemus
1367 2253 1504 2330 utraque
1533 2242 1578 2308 ad

175 2372 380 2415 communem
402 2351 524 2415 fontem
545 2350 700 2416 recedere
723 2361 820 2437 atque
844 2354 877 2414 in
892 2352 1083 2415 Donatianis
1107 2373 1146 2415 ea
1169 2373 1253 2436 quae
1274 2349 1328 2414 illo
1349 2343 1437 2414 fonte
1459 2348 1578 2414 tradita

175 2465 268 2520 erant
289 2457 322 2520 in
345 2456 475 2521 brevius
500 2465 666 2520 0011111011
688 2478 768 2520 0110.

279 2560 402 2626 Isidoro
425 2563 458 2625 in
482 2561 667 2646 Originibus
689 2561 790 2626 multa
814 2584 887 2625 cum
910 2561 1023 2626 Servio
1039 2561 1168 2625 Donato
1183 2560 1371 2646 Engraphio
1394 2560 1577 2624 communia

174 2687 246 2729 0110
277 2667 341 2729 iam
365 2665 457 2730 Thilo
489 2675 520 2730 01
550 2665 668 2750 Hagen
700 2689 730 2752 p.
758 2665 943 2731 XXXVIII
966 2688 1012 2752 sq.
1045 2674 1077 2729 et
1105 2665 1308 2729 XXXXllll
1330 2687 1388 2751 sq,
1423 2665 1577 2731 Gersten-

175 2770 257 2855 berg
276 2793 307 2855 p.
323 2771 367 2834 44
383 2793 429 2856 sq.
451 2771 707 2836 observaverunt
718 2770 752 2857 1).
792 2770 850 2835 sed
871 2773 897 2834 si
917 2773 1099 2835 accuratius
1119 2773 1152 2834 in
1170 2770 1257 2835 locos
1278 2769 1346 2836 illos
1361 2771 1575 2856 inquisiveris,

176 2877 337 2940 evincitur
351 2875 512 2942 Isidorum
528 2874 649 2942 scholia
664 2876 849 2940 Donatiana
869 2874 976 2962 qualia
995 2899 1081 2940 nunc
1101 2875 1259 2939 habemus
1280 2875 1450 2960 expilasse.
1486 2877 1577 2939 cuius

174 2982 221 3044 rei
243 2979 441 3044 luculentum
465 2989 513 3044 est
535 2980 763 3044 documentum
787 2979 884 3044 schol.
902 2979 1006 3044 Andr.
1024 2981 1073 3045 III
1096 2981 1126 3064 b,
1146 2980 1185 3042 12
1207 2971 1363 3044 ‘furciferi
1385 2978 1578 3044 dicebantur

175 3086 230 3170 qui
258 3083 299 3148 ob
326 3084 398 3148 leve
427 3084 580 3149 delictum
608 3085 808 3170 cogebantur
835 3108 854 3149 a
883 3085 1018 3149 dominis
1042 3087 1235 3168 ignominiae
1259 3087 1361 3170 magis
1385 3107 1483 3170 quam
1506 3106 1576 3169 snp-

174 3188 261 3274 phoii
277 3211 375 3253 causa
391 3191 477 3253 01101
492 3191 615 3253 vicinos
636 3191 761 3254 furcam
780 3193 813 3254 in
835 3189 915 3253 collo
935 3189 1020 3254 ferre
1041 3190 1207 3275 subligatis
1228 3191 1316 3253 circa
1336 3212 1408 3253 eam
1428 3189 1577 3253 manibus

176 3302 209 3358 et
233 3293 424 3380 praedicare
454 3304 626 3379 peccatum
656 3317 749 3359 snum
781 3295 939 3381 simulque
970 3317 1100 3358 monere
1132 3305 1265 3378 ceteros,
1296 3317 1337 3358 ne
1368 3293 1445 3381 quid
1476 3293 1577 3357 simile

176 3395 357 3464 admittant'
381 3398 530 3464 collatum
554 3423 627 3464 cum
651 3402 696 3463 eis
721 3422 804 3485 quae
827 3399 915 3484 apud
931 3399 1089 3464 Isidorum
1105 3400 1138 3463 X
1164 3398 1225 3463 108
1247 3399 1412 3484 leguntur:
1434 3391 1579 3464 ‘furcifer

177 3503 346 3569 dicebatur
375 3503 463 3587 olim,
498 3507 552 3591 qui
580 3505 621 3568 ob
647 3503 719 3568 leve
748 3504 901 3568 delictum
928 3504 1105 3589 cogebatur
1132 3528 1151 3567 1
1182 3504 1317 3568 dominis
1326 3502 1353 3589 ²)
1383 3505 1578 3588 ignominiae

175 3611 279 3693 magis
303 3631 400 3694 quam
424 3609 571 3695 supplicii
595 3632 693 3673 causa
715 3610 841 3673 furcam
866 3612 954 3673 circa
975 3612 1061 3673 viam
1084 3608 1169 3673 ferre
1192 3608 1384 3693 praedicans
1408 3617 1578 3694 peccatum

176 3732 270 3777 suum
294 3723 326 3778 et
346 3736 478 3778 monere
502 3724 635 3799 ceteros,
659 3710 1122 3799 1101111111111111100000110111.ἱ
1156 3713 1241 3777 adde
1263 3713 1349 3799 quod
1365 3712 1578 3800 etymologiae

176 3817 297 3903 aliquot
327 3819 369 3883 ab
399 3819 522 3883 Isidoro
553 3818 656 3883 isdem
686 3820 829 3883 Terentii
859 3819 1008 3883 versibus
1039 3818 1167 3903 prolatis
1200 3827 1500 3900 commemorantur,
1534 3816 1578 3882 ad

177 3945 256 4009 quos
282 3925 316 3986 in
339 3923 468 3990 scholiis
492 3923 627 3988 eaedem
650 3925 875 4007 originationes
900 3933 1129 4010 proponuntur,
1160 3922 1259 3988 veluti
1282 3946 1377 3987 nares
1400 3947 1420 3986 a
1443 3925 1578 3988 naritate

177 4027 283 4092 dictae
305 4027 383 4095 Isid.
404 4029 456 4094 XI
480 4030 507 4112 1,
528 4029 569 4092 41
594 4028 658 4092 Ad.
681 4029 731 4092 Ill
755 4029 784 4112 3,
801 4029 859 4111 433
891 4028 1053 4093 oblectare
1081 4052 1101 4094 a
1127 4027 1279 4092 lactando
1306 4028 1383 4092 Isid.
1403 4028 1437 4092 X
1462 4027 1523 4089 199
1546 4037 1580 4092 01

177 4130 282 4196 Andr.
299 4133 366 4197 IIII
392 4134 420 4216 1,
444 4134 497 4217 24,
521 4133 662 4217 01114,
687 4133 716 4197 9.
756 4134 870 4219 quodsi
894 4133 1036 4198 Isidorus
1051 4134 1085 4196 X
1108 4132 1172 4195 244
1195 4132 1288 4197 dixit:
1313 4124 1466 4212 ‘sedulus,
1489 4133 1579 4197 fami·

176 4236 255 4301 liare
282 4237 420 4302 verbum
443 4239 596 4321 Terentii,
624 4238 685 4302 hoc
713 4248 762 4302 est
788 4240 856 4302 sine
885 4232 978 4321 dolo',
1006 4240 1075 4303 sine
1103 4237 1201 4301 dubio
1228 4238 1312 4301 hanc
1336 4239 1580 4322 originationem

176 4343 322 4428 respexit
344 4345 451 4407 sexies
473 4344 505 4408 in
530 4342 658 4407 scholiis
680 4345 849 4428 repetitam
873 4340 1170 4429 (01.Ε1111.12,58;
1193 4340 1401 4426 Ad.11‚25;
1424 4342 1458 4407 II
1478 4342 1508 4425 2,
1521 4341 1578 4426 43;

282 4586 302 4654 ¹)
321 4589 477 4640 Η.1)101101
496 4589 524 4638 in
542 4587 611 4638 libro
630 4587 663 4638 de
680 4587 776 4638 Isidori
795 4589 928 4653 originum
946 4588 1064 4638 fontibus
1082 4587 1150 4637 nihil
1169 4586 1202 4638 de
1220 4587 1326 4637 Donato
1344 4588 1474 4654 exposuit

281 4673 303 4740 ²)
321 4679 360 4727 sic
377 4676 459 4744 vulgo
477 4676 584 4743 legitur.
