3542 5059
1625 151 1644 213 8

265 340 317 406 ΑΙ.
341 341 402 405 155
422 338 539 426 (tinch
563 351 673 405 contra
693 340 733 405 of.
754 339 806 404 ΑΙ.
823 339 886 405 239
906 337 1018 426 ῥοδὲης
1037 338 1147 423 λίπος,
1170 340 1245 406 vide
1260 342 1338 407 Eur.
1357 342 1444 407 Med.
1465 342 1527 405 841
1549 340 1654 427 ῥοδέας

209 442 214 455 ’
264 446 385 511 πλόκον
414 443 553 525 ἀνθέων,
585 445 657 511 Hel.
682 446 746 509 245
780 445 876 530 ῥόδεα
893 442 1052 527 πέταλα,
1085 445 1171 511 adde
1204 445 1307 511 verba
1340 448 1453 512 incerti
1486 454 1602 532 poetae
1634 447 1656 511 i1

263 549 358 615 Anth.
383 548 450 615 Pal.
476 549 544 614 XII
566 550 609 614 40
635 547 732 635 ῥοδέα
758 547 885 636 κάλυξ),
913 550 1216 636 σαλαμάνδρειος
1242 550 1338 615 Ther.
1361 548 1424 613 818
1453 548 1580 637 (δάκος,
1603 572 1659 636 qu(

265 654 332 720 loco
361 656 505 740 sequitur
533 657 554 740 ἥ
579 678 614 719 τε
641 653 696 719 καὶ
723 651 898 735 ἀσβέστοιο
926 653 995 719 διὲκ
1022 657 1122 738 πυρὸς
1144 646 1237 738 οἷμον
1259 652 1376 737 ἔχουσα
1396 654 1401 740 Ι
1421 650 1566 736 ἔσσυται,
1589 664 1661 721 tam·

267 781 362 844 quam
384 758 607 844 σαλαμάνδρης
629 758 813 844 praecedat,
838 757 879 822 cf.
896 756 949 823 ΑΙ.
965 757 1043 840 538,
1066 758 1177 823 similis
1200 780 1327 844 quoque
1343 761 1424 824 ratio
1439 769 1488 824 est
1501 758 1564 825 loci
1577 759 1630 824 ΑΙ.
1646 760 1664 822 4

266 860 436 929 ποσίεσσιν
457 861 728 949 φαρμακοὲσσαις,
753 864 828 927 ἅτε
852 864 871 927 i.
897 884 926 948 q.
950 859 1122 928 αοσίεσσιν
1144 866 1331 949 φαρμάκων,
1355 863 1377 927 a
1390 861 1450 949 re),
1474 864 1666 953 σιδηρήεις

265 967 316 1031 ΑΙ.
332 967 372 1032 51
396 965 529 1053 (τρύγα),
554 966 700 1045 σιδόοις
724 966 779 1053 (de
796 975 972 1052 tcorrepta
987 965 1063 1031 vide
1079 966 1119 1033 0.
1136 966 1326 1033 Schneideri
1342 966 1416 1033 adn.
1433 968 1477 1032 ad
1492 967 1589 1033 Ther.
1603 968 1667 1033 243

266 1080 297 1136 et
313 1072 353 1136 cf.
369 1071 464 1149 older
478 1070 575 1136 Ther.
590 1069 668 1157 887)
684 1070 735 1135 ΑΙ.
750 1071 813 1134 276
829 1068 1009 1156 (repnsion,
1025 1071 1085 1135 sed
1100 1072 1141 1136 cf.
1154 1071 1252 1136 Ther.
1266 1072 1318 1155 72,
1335 1072 1409 1155 870,
1426 1071 1478 1137 ΑΙ.
1490 1071 1564 1154 489,
1577 1072 1666 1159 609),

266 1175 458 1261 σιλφιόεις
479 1176 530 1240 ΑΙ.
548 1175 611 1240 329
628 1174 759 1262 (λίτραν,
782 1186 892 1241 contra
917 1175 957 1241 cf.
974 1175 1071 1241 Ther.
1089 1175 1141 1260 85,
1163 1176 1216 1241 ΑΙ.
1232 1175 1306 1261 309,
1331 1176 1418 1263 369),
1442 1179 1669 1260 σκοραιόεις

265 1280 361 1345 Ther.
378 1280 443 1345 654
465 1279 611 1369 (τύμμα),
635 1280 686 1344 ΑΙ.
708 1280 768 1343 145
791 1278 909 1366 (ῥίζεας
934 1280 974 1345 ef.
992 1279 1089 1344 Ther.
1107 1279 1196 1368 887),
1219 1279 1422 1364 reputastis
1442 1280 1494 1346 Al.
1511 1280 1577 1346 300
1599 1281 1668 1368 (ῥη-

264 1379 357 1472 τίνη),
389 1387 625 1473 φαρμακόεις
647 1384 698 1449 ΑΙ.
721 1384 743 1447 4
767 1382 976 1471 (conlectus),
1007 1384 1070 1447 293
1094 1384 1246 1472 (πόσιος),
1277 1386 1507 1468 χαλβανόεις
1528 1384 1580 1451 ΑΙ.
1603 1386 1669 1451 555

265 1488 373 1576 (ῥίζα),
396 1487 580 1572 χαλβανίς
607 1490 703 1554 Ther.
721 1488 784 1554 938
813 1487 937 1575 (ῥίζαι),
968 1491 1135 1571 χιονόεις
1160 1489 1213 1554 ΑΙ.
1229 1490 1293 1555 512
1316 1489 1444 1576 (δαῖτα,
1473 1490 1515 1555 cf.
1537 1492 1670 1579 νιφάδες

265 1595 384 1676 χιόνεαι
406 1593 505 1659 Anth.
529 1593 598 1659 Pal.
620 1594 718 1659 VIIII
741 1591 829 1679 244).
874 1592 937 1657 hoc
959 1592 1054 1658 modo
1076 1594 1211 1658 fortasse
1238 1594 1291 1658 alii
1318 1617 1445 1681 quoque
1468 1593 1539 1679 loci,
1570 1594 1669 1659 veluti

265 1698 317 1763 Al.
335 1698 353 1762 7
378 1698 508 1784 (ἄρκτον
525 1693 578 1763 ὑπ’
594 1698 829 1785 ὀμφαλόεσσαν,
846 1698 887 1763 de
911 1720 974 1785 quo
997 1699 1038 1763 of.
1055 1699 1157 1763 Ritter
1179 1721 1210 1785 p.
1227 1699 1269 1763 39
1292 1721 1317 1764 s.
1334 1698 1380 1785 v.)
1403 1708 1436 1764 et
1457 1699 1521 1765 348
1545 1696 1670 1786 (συκέης

266 1805 364 1870 πόσιν
386 1802 625 1890 ὀμφαλόεσσαν)
650 1803 804 1889 explicari
827 1811 969 1889 possunt.

372 1908 428 1972 VI.
453 1908 491 1973 In
515 1908 671 1972 eiusmodi
694 1910 874 1992 enuntiatio,
899 1907 1015 1993 quibus
1038 1910 1108 1994 quis
1124 1930 1286 1973 venenum
1307 1907 1469 1993 quoddam
1491 1909 1594 1973 vitare
1617 1907 1670 1973 vel

266 2012 444 2077 remedium
475 2012 638 2099 quoddam
669 2011 824 2076 adhihere
854 2012 992 2096 iubetur,
1023 2012 1118 2099 longe
1149 2014 1334 2098 saepissime
1364 2014 1534 2097 optativus,
1571 2012 1670 2077 multo

266 2119 372 2181 rarius
395 2119 617 2203 imperativuS,
648 2118 811 2181 rarissime
834 2117 1011 2180 infinitivus
1038 2118 1219 2201 imperativi
1246 2116 1318 2180 loco
1339 2116 1465 2201 legitur.
1511 2119 1670 2202 optativus

267 2220 437 2287 CLVIIIies
453 2220 663 2307 (XXXXV³⁰⁸
683 2224 716 2286 in
731 2221 840 2306 Ther,
862 2218 1006 2287 ΟΧΙΠ98
1025 2223 1058 2285 in
1074 2220 1141 2307 ΑΙ.)
1161 2223 1332 2305 invenitur,
1353 2245 1392 2286 ae
1407 2230 1457 2285 sat
1471 2221 1578 2286 multis
1592 2221 1670 2285 loeis

267 2326 366 2412 (XXI
381 2325 489 2410 Ther,
513 2327 663 2400 XXXVI
678 2326 746 2415 ΑΙ.)
769 2329 897 2413 generis
920 2325 1018 2392 medii
1041 2328 1173 2412 optativi
1192 2325 1352 2411 leguntur,
1376 2328 1430 2413 qui
1450 2326 1512 2391 loci
1533 2325 1670 2411 plerum-

268 2454 331 2517 que
354 2433 398 2495 ita
421 2440 494 2497 sunt
517 2433 701 2517 comparati,
727 2441 761 2496 ut
781 2433 959 2516 optativum
981 2433 1014 2497 in
1034 2454 1111 2497 -οιο
1134 2431 1187 2496 vel
1209 2454 1290 2497 -αιο
1313 2430 1513 2495 desinentem
1536 2453 1671 2495 caesura

267 2533 430 2599 trochaica
453 2545 614 2621 sequatur,
640 2558 736 2621 quam
759 2538 803 2600 ita
826 2535 991 2600 adamavit
1006 2534 1180 2616 Nicander,
1204 2545 1239 2600 ut
1262 2557 1301 2599 ea
1323 2536 1355 2599 in
1379 2534 1475 2600 Ther.
1492 2533 1588 2599 Alex.
1606 2557 1672 2599 ear-

267 2642 454 2726 minumque
482 2640 723 2726 deperditarum
750 2641 939 2724 fragmentis
966 2638 1123 2723 MLVFr,
1152 2649 1264 2704 contra
1288 2661 1423 2704 caesura
1445 2640 1672 2725 semiquinaria

267 2742 461 2811 DOXXV¹⁰⁵
483 2753 627 2810 uteretur
658 2743 712 2831 (cf.
738 2743 949 2830 Lingenherg
975 2767 1006 2830 p.
1029 2742 1073 2831 6).
1119 2742 1214 2809 huius
1242 2745 1371 2829 generis
1397 2743 1582 2809 XXXVIII
1608 2742 1670 2807 loci

267 2860 351 2933 sunt,
377 2848 493 2934 quibus
515 2850 637 2914 formae
661 2852 770 2914 autin
793 2872 869 2915 -οιο
892 2846 946 2913 vel
968 2872 1065 2915 -οιτο
1088 2847 1200 2935 (Ther.
1217 2847 1273 2929 83,
1297 2847 1376 2925 519,
1400 2847 1474 2931 612,
1498 2846 1571 2931 629,
1596 2847 1669 2932 652,

267 2954 318 3021 ΑΙ.
335 2954 415 3039 311,
439 2954 518 3033 361,
542 2954 620 3038 376,
643 2954 722 3037 434,
746 2952 824 3040 553)
848 2956 959 3018 autin
982 2977 1061 3020 -αιο
1083 2953 1136 3017 vel
1159 2976 1260 3036 -αισο
1283 2952 1396 3039 (Ther.
1413 2951 1469 3036 63,
1493 2950 1572 3036 558,
1596 2952 1670 3038 573,

267 3058 345 3143 606,
370 3058 447 3142 646,
472 3058 549 3142 709,
574 3058 648 3138 877,
672 3058 749 3141 954,
773 3058 825 3123 ΑΙ.
843 3058 900 3142 63,
924 3058 980 3142 68,
1006 3058 1082 3136 116,
1110 3057 1180 3140 137,
1206 3057 1278 3142 164,
1305 3057 1377 3141 166,
1401 3056 1475 3141 225,
1498 3056 1572 3140 229,
1597 3056 1669 3141 237,

266 3163 340 3248 320,
364 3162 438 3248 322,
462 3163 535 3246 324,
559 3163 633 3246 363,
658 3162 731 3246 392,
748 3163 822 3247 410,
838 3162 913 3247 414,
930 3161 1004 3247 514,
1020 3161 1094 3247 587,
1110 3162 1184 3244 589,
1201 3161 1278 3249 608)
1303 3161 1485 3227 desinentes
1505 3160 1670 3226 adhibitae

266 3278 348 3333 sunt.
378 3266 538 3333 nonnullis
564 3266 642 3332 locis
671 3266 783 3353 (ΧΙΙΙ)
811 3269 969 3353 optativos
997 3266 1153 3332 mediales
1181 3290 1316 3332 caesura
1343 3265 1509 3352 praecedit
1535 3265 1588 3331 vel
1609 3276 1670 3331 tro·

266 3371 377 3437 chaica
399 3371 452 3438 vel
475 3374 714 3458 semiquinaria:
739 3372 835 3437 Ther.
852 3372 926 3456 654,
950 3371 1024 3456 690,
1049 3372 1122 3457 715,
1146 3371 1220 3456 853,
1243 3371 1317 3455 860,
1338 3370 1413 3454 954,
1436 3370 1488 3437 ΑΙ.
1505 3369 1578 3455 276,
1596 3371 1670 3454 308,

266 3477 339 3561 332,
363 3476 439 3562 370,
463 3477 536 3561 443,
560 3476 634 3560 445,
658 3476 732 3542 593.
756 3486 925 3562 praeterea
941 3475 1018 3541 locis
1035 3485 1198 3567 quattuor:
1222 3474 1320 3541 Ther.
1337 3474 1411 3555 509,
1435 3474 1487 3539 ΑΙ.
1503 3474 1578 3560 336,
1595 3476 1668 3560 356,

264 3583 328 3647 534
350 3584 383 3647 in
405 3603 503 3647 versu
527 3591 676 3665 exeunte,
706 3581 846 3647 duobus:
882 3580 979 3646 Ther.
997 3580 1059 3646 601
1084 3590 1116 3645 et
1138 3580 1190 3645 ΑΙ.
1207 3579 1270 3645 563
1293 3582 1325 3645 in
1349 3602 1446 3645 versu
1468 3579 1574 3645 medio
1597 3580 1669 3645 talis

264 3689 422 3773 optativus
446 3696 545 3752 extat.
577 3685 671 3751 simili
693 3689 815 3751 ratione
839 3688 989 3773 optativis
1012 3688 1121 3751 aoristi
1143 3688 1176 3750 in
1198 3709 1292 3763 -ειας
1310 3684 1501 3749 cadentibus
1516 3686 1593 3749 item
1609 3694 1668 3749 tro-

265 3791 377 3856 chaica
393 3791 539 3856 succedit
554 3814 690 3857 caesura
704 3792 754 3857 his
768 3791 861 3857 locis:
885 3791 937 3857 ΑΙ.
955 3792 1007 3877 97,
1026 3792 1099 3875 106,
1115 3791 1189 3877 240,
1205 3790 1280 3875 268,
1296 3790 1371 3872 386,
1394 3789 1498 3878 mast)
1521 3794 1553 3858 in
1569 3788 1667 3855 Ther.

263 3919 341 3961 vero
371 3895 442 3961 talis
469 3896 572 3962 forma
599 3896 660 3962 hoc
687 3919 840 3962 versuum
867 3896 938 3962 loeo
965 3899 1093 3961 omnino
1116 3919 1181 3961 non
1203 3896 1330 3982 legitur.
1377 3908 1520 3961 ceterum
1541 3897 1575 3961 in
1597 3895 1667 3960 aliis

263 4023 391 4089 quoque
417 4024 532 4066 versus
561 4001 692 4066 sedibus
719 4001 801 4067 tales
828 4003 961 4087 optativi
989 4001 1134 4067 collocati
1161 4011 1249 4086 sunt,
1276 4001 1376 4065 veluti
1401 4000 1499 4067 Ther.
1516 3998 1568 4085 85,
1594 4000 1666 4084 186,

262 4105 314 4170 ΑΙ,
334 4105 406 4189 140,
433 4105 504 4189 154,
528 4105 602 4189 202,
626 4105 700 4187 309,
723 4104 798 4191 319,
822 4106 896 4189 336,
919 4106 994 4189 484,
1018 4105 1092 4190 512,
1115 4104 1189 4171 595.
1236 4104 1453 4192 compluribus
1480 4103 1558 4170 loeis
1581 4116 1666 4191 opta-

262 4212 320 4274 tivi
341 4211 450 4274 aoristi
473 4212 504 4274 iu
521 4234 591 4289 -αις
614 4209 796 4275 desinentes
819 4213 863 4275 ita
886 4218 1095 4296 usurpantur,
1120 4212 1209 4274 utin
1234 4209 1380 4275 versibus
1402 4209 1520 4274 ultimis
1543 4209 1666 4275 formae

262 4314 442 4399 bisyllahae
465 4313 521 4400 (-
541 4313 597 4399 -)
625 4313 691 4400 (ΑΙ.
716 4313 787 4399 110,
813 4314 885 4399 142,
911 4314 983 4399 153,
1006 4314 1082 4399 301,
1106 4313 1180 4395 320,
1205 4314 1278 4395 347,
1301 4314 1380 4397 411,
1403 4312 1482 4397 602,
1506 4313 1586 4400 611)
1612 4314 1666 4378 vel

261 4420 384 4485 formae
407 4417 595 4507 trisyllabae
619 4418 676 4505 (v
695 4466 727 4474 -
748 4418 804 4506 -)
827 4418 938 4507 (Ther.
956 4418 1034 4502 558,
1058 4418 1137 4503 817,
1161 4418 1239 4503 933,
1262 4419 1314 4484 ΑΙ.
1332 4417 1389 4503 88,
1411 4417 1463 4501 93,
1490 4418 1562 4504 144,
1586 4417 1664 4505 203)

364 4646 386 4714 ¹)
405 4647 596 4699 aduentam
615 4646 730 4711 Ιήσειεν.
