3542 5059
236 221 278 286 10

233 424 399 479 verterunt
429 414 482 499 (cf.
504 412 543 479 O.
566 414 745 479 Schneider
774 414 918 501 prolegg.
941 438 972 501 p.
995 415 1082 502 164),
1117 418 1150 480 in
1180 439 1276 502 quern
1305 440 1476 482 numerum
1506 428 1634 503 praeter

234 520 312 585 alios
343 519 495 583 didactici
517 518 684 605 Oppianus
714 519 959 583 ianalieuticis
986 523 1187 606 scriptorque
1210 521 1492 610 Cynegeticorum,
1515 522 1632 587 medici

233 624 491 707 Andromachus‚
512 624 685 689 Marcellus
706 624 815 691 Sidete
823 623 847 709 ¹)
868 626 965 709 iique,
989 648 1124 710 quorum
1140 626 1292 711 reliquias
1307 627 1528 691 Bussemaker
1543 651 1574 713 p.
1591 627 1633 691 90

234 752 303 815 sqq.
325 730 461 814 collegit,
485 730 565 794 alius
582 732 683 814 magis
699 729 770 812 alio,
786 752 881 815 porro
897 732 1039 795 incertus
1054 740 1176 814 auctor,
1193 734 1247 817 qui
1264 731 1304 795 de
1320 732 1443 795 viribus
1458 732 1632 796 herbarum

234 832 398 920 scripsitll
422 835 599 920 astrologus
615 835 788 918 Maximus,
812 834 913 899 falsus
938 834 991 899 ille
1007 833 1158 921 Orpheus
1174 838 1206 899 in
1222 836 1356 900 Lithicis
1371 836 1533 902 referendi
1544 847 1631 901 sunt.

338 940 389 1003 De
406 939 561 1004 Nicandri
585 939 713 1003 dicendi
735 962 864 1024 genere,
889 950 925 1004 ut
940 940 981 1005 de
997 943 1043 1003 eis
1066 949 1202 1024 taceam,
1225 963 1307 1026 quae
1323 944 1443 1026 passim
1457 942 1499 1006 ab
1516 941 1632 1007 Ottone

234 1044 432 1109 Schneidero
454 1047 486 1107 in
510 1047 641 1129 egregia
664 1067 762 1130 quam
783 1044 835 1109 ille
859 1047 985 1109 curavit
1001 1046 1207 1131 reliquiarum
1222 1045 1480 1110 Nicandrearum
1496 1047 1632 1111 editione

235 1151 380 1234 exposita
403 1158 485 1232 sunt,
509 1160 607 1234 atque
630 1152 662 1213 in
685 1151 794 1235 primis
815 1149 856 1213 de
872 1150 1038 1215 vocabulis
1054 1150 1095 1215 ab
1113 1174 1150 1215 eo
1166 1150 1317 1214 adhibitis
1334 1161 1469 1236 egerunt
1483 1152 1521 1215 R.
1534 1152 1633 1216 Volk-

233 1275 331 1316 mann
361 1256 393 1316 in
424 1257 690 1319 commentatione
721 1257 813 1340 epica
836 1254 947 1338 altera,
977 1256 1008 1321 J.
1026 1255 1247 1340 Lingenberg,
1278 1258 1333 1341 qui
1355 1258 1387 1319 in
1411 1258 1633 1341 quaestionum

234 1356 490 1423 Nicandrearum
511 1359 689 1444 —prodiit
719 1362 745 1423 is
775 1360 858 1423 liber
879 1359 973 1423 Halis
989 1359 1022 1425 S.
1039 1384 1067 1424 a.
1087 1359 1170 1424 1865
1190 1398 1232 1406 —
1252 1363 1357 1446 capite
1381 1363 1472 1425 tertio
1496 1360 1537 1425 de
1561 1361 1629 1424 sub-

234 1464 389 1545 stantiviS,
421 1463 597 1543 adiectivis,
629 1464 791 1529 adverbiis
820 1464 896 1528 huic
930 1475 1044 1550 poetae
1075 1466 1212 1550 propriis
1243 1464 1426 1549 disputavit,
1461 1466 1498 1529 F.
1529 1468 1631 1530 Ritter

233 1568 265 1629 in
288 1566 395 1631 libello
418 1567 459 1631 de
483 1568 650 1632 adiectivis
672 1581 704 1634 et
719 1569 926 1633 substantivis
942 1569 1030 1655 apud
1045 1569 1247 1633 Nicandrum
1263 1571 1443 1633 Homericis
1459 1569 1631 1654 Gottingae

234 1694 262 1735 a.
279 1670 363 1735 1880
379 1674 503 1737 emisso.
528 1672 667 1758 denique
680 1674 826 1757 Witting,
848 1675 905 1758 qui
925 1673 967 1737 de
984 1697 1043 1737 usu
1059 1676 1254 1738 coniunctivi
1274 1683 1306 1738 et
1325 1676 1457 1759 optativi
1479 1677 1512 1738 in
1535 1697 1631 1738 enun-

233 1777 416 1841 tiationibus
440 1776 639 1841 secundariis
661 1777 749 1862 apud
772 1780 878 1863 epicos
895 1778 1039 1844 Graecos
1062 1781 1197 1864 scripsit,
1225 1781 1345 1865 passim
1362 1778 1563 1844 Nicandrum
1585 1804 1631 1844 re-

234 1884 349 1967 spexit.
373 1881 465 1945 vides
480 1884 577 1966 igitur
592 1884 728 1967 exiguas
749 1892 874 1947 tantum
897 1884 993 1947 totius
1016 1886 1122 1969 operis
1137 1892 1246 1967 partes
1262 1882 1369 1948 adhuc
1384 1894 1537 1948 tractatas
1551 1907 1631 1949 esse.

234 2010 317 2072 quae
334 2008 407 2050 cum
423 1990 467 2052 ita
483 1996 599 2069 essent,
623 1986 684 2051 hae
702 1988 1026 2052 commentatiuncula
1049 1990 1154 2073 capita
1170 1988 1341 2074 quaedam,
1369 2011 1452 2074 quae
1469 1988 1510 2053 ad
1526 2001 1632 2075 synta-

233 2094 302 2154 xim
318 2094 486 2176 pertinent,
512 2091 675 2177 explicare
691 2102 788 2178 atque
808 2092 966 2158 illustrare
983 2102 1116 2157 conatus
1129 2115 1209 2157 sum.
1233 2095 1341 2178 itaque
1353 2093 1484 2157 uberius
1497 2093 1632 2158 disserui

235 2195 275 2259 de
299 2197 474 2281 particulis,
499 2196 539 2260 de
564 2200 799 2262 enuntiatorum
824 2197 1089 2261 secundariorum
1104 2220 1174 2280 usu,
1199 2198 1239 2261 de
1255 2198 1503 2283 pronominibus.
1539 2198 1633 2262 simul

234 2303 265 2364 in
282 2301 463 2387 appendice
480 2301 520 2365 de
537 2302 730 2387 quibusdam
747 2302 876 2366 dicendi
893 2303 1140 2387 proprietatibus
1156 2302 1244 2388 apud
1259 2302 1459 2367 Nicandrum
1475 2303 1579 2368 obviis
1594 2327 1633 2367 ea

235 2428 317 2491 quae
334 2405 377 2470 ad
393 2406 549 2470 Nicandri
569 2415 671 2471 artem
687 2406 936 2490 intellegendam
954 2431 992 2471 ac
1007 2417 1095 2471 recte
1111 2407 1345 2472 aestimandam
1358 2408 1467 2473 facere
1481 2408 1633 2473 videntur

233 2510 365 2574 brevius
389 2513 532 2596 exposui.
579 2511 692 2597 quodsi
715 2514 748 2575 in
771 2534 806 2575 re
828 2511 999 2576 tractanda
1022 2512 1158 2577 duorum
1181 2521 1305 2576 tanturn
1330 2514 1519 2597 carminum,
1549 2535 1633 2598 quae

232 2616 358 2700 integra
393 2615 435 2678 ad
468 2625 609 2679 nostram
642 2619 829 2680 memoriam
862 2627 1091 2701 pervenerunt,
1124 2616 1356 2682 Theriacorum
1390 2628 1421 2681 et
1442 2617 1633 2703 Alexiphar-

233 2742 408 2803 macorum,
432 2722 588 2784 rationem
611 2721 718 2804 habui,
743 2731 922 2786 ceterorum
945 2731 1053 2785 autem
1076 2721 1227 2807 reliquias
1249 2722 1390 2806 neglexi,
1413 2722 1447 2785 id
1462 2732 1633 2807 propterea

232 2847 285 2888 me
308 2825 423 2888 fecisse
447 2828 535 2908 scite,
560 2825 644 2911 quod
669 2849 712 2889 ex
734 2825 793 2889 illis
810 2835 933 2889 tanturn
949 2825 1083 2890 solidam
1099 2829 1254 2890 sermonis
1269 2825 1444 2890 Nicandrei
1460 2828 1633 2911 imaginem

234 2930 389 3013 effingere
413 2929 496 3013 licet,
520 2931 701 3014 fragmenta
724 2941 831 2994 autem
854 2931 908 2995 illa
930 2931 1013 2994 male
1028 2930 1146 2995 tradita
1162 2941 1193 2994 et
1208 2931 1398 3016 plerumque
1415 2929 1511 2995 exilia
1527 2954 1631 3017 pauca

235 3043 266 3097 et
281 3057 432 3119 magnam
453 3044 577 3119 partem
601 3038 724 3099 incerta
747 3035 892 3099 subsidia
911 3035 1038 3099 adrem
1055 3034 1294 3121 expediendam
1309 3036 1401 3100 nobis
1417 3023 1631 3120 suppeditant.

233 3138 479 3203 fundamentum
502 3149 609 3204 autern
631 3143 725 3204 totius
750 3142 943 3225 quaestionis
967 3162 1017 3203 me
1042 3140 1213 3204 editionem
1235 3140 1277 3204 ab
1301 3139 1418 3205 Ottone
1435 3139 1632 3205 Schneidero

234 3252 380 3329 paratam
402 3247 547 3330 posuisse
570 3268 629 3330 per
652 3268 688 3308 se
712 3254 808 3330 patet.
855 3267 874 3308 a
899 3267 962 3330 qua
986 3247 1012 3307 si
1035 3245 1086 3308 bic
1109 3244 1172 3307 illic
1197 3245 1338 3328 discessi,
1362 3268 1469 3308 meum
1493 3244 1533 3307 de
1556 3244 1632 3308 locis

234 3347 293 3411 illis
316 3348 469 3413 iudicium
490 3352 523 3412 in
543 3350 801 3413 adnotationibus
817 3352 1000 3413 accuratius
1016 3349 1179 3434 explicare
1194 3359 1292 3435 atque
1309 3350 1499 3414 confirmare
1516 3348 1633 3413 studui.

235 3475 348 3517 versus
364 3453 462 3517 Ther.
476 3454 527 3538 28,
547 3453 607 3518 159
621 3478 678 3540 sq,
696 3454 834 3538 111557,
851 3454 1033 3536 ors-628,
1058 3477 1136 3540 quos
1153 3477 1227 3517 curn
1243 3453 1281 3518 Ο.
1296 3454 1493 3519 Schneidero
1510 3455 1633 3539 spurios

235 3580 305 3621 esse
330 3580 455 3643 censeo,
488 3582 618 3644 prorsus
642 3558 780 3645 neglexi.
828 3569 940 3624 contra
962 3582 1076 3623 versus
1099 3559 1149 3622 Al.
1167 3558 1349 3640 611-615,
1381 3581 1461 3644 quos
1483 3558 1535 3622 ille
1557 3560 1635 3623 item

235 3664 266 3725 in
291 3662 423 3727 dubium
446 3667 585 3747 vocavit,
610 3688 682 3727 curn
707 3687 775 3728 rem
798 3664 942 3728 nondum
965 3665 1040 3728 satis
1065 3663 1264 3748 exploratam
1283 3663 1447 3746 haberem,
1470 3673 1635 3749 tamquam

235 3791 254 3831 a
277 3768 441 3832 Nicandro
463 3770 623 3854 profectos
648 3769 724 3832 mihi
747 3768 967 3855 respiciendos
991 3792 1061 3832 esse
1085 3770 1277 3832 existimavi.

339 3873 431 3936 Haec
461 3876 557 3957 igitur
580 3875 744 3959 praefatus
768 3874 829 3938 hoc
852 3874 1042 3959 opusculum
1065 3874 1226 3958 benignae
1249 3872 1412 3936 hominum
1436 3872 1634 3936 eruditorum

235 3980 445 4041 aestimationi
462 3979 661 4043 commendo,
698 3981 751 4065 qui
774 3981 799 4042 si
822 4001 872 4043 me
897 4001 960 4042 non
983 3980 1051 4042 sine
1074 3978 1181 4042 fructu
1204 3980 1236 4043 in
1260 4001 1295 4041 re
1319 3987 1469 4063 suscepta
1492 3976 1633 4041 elabora·

122 4130 124 4134 .
236 4083 319 4145 visse
343 4082 565 4166 iudicaverint,
591 4107 632 4147 ex
656 4084 849 4168 amplissimo
874 4106 969 4167 quern
993 4085 1140 4167 congessi
1163 4082 1321 4167 adparatu
1345 4083 1407 4147 alia
1423 4082 1538 4168 quibus
1555 4104 1633 4167 opus

235 4187 398 4270 inceptum
422 4190 622 4252 continuetur
646 4189 833 4274 deprompta
856 4211 909 4251 me
932 4188 1129 4274 prolaturum
1153 4210 1223 4250 cssc
1246 4191 1404 4272 promitto.

342 4376 361 4441 ¹)
381 4379 412 4427 cf.
433 4379 578 4430 Comment.
598 4382 727 4431 Ribbeck.
747 4399 772 4445 p.
794 4382 842 4429 115
861 4397 917 4446 sqq.

340 4462 361 4531 ²)
382 4467 415 4516 cf.
434 4468 550 4517 Hermae
568 4468 621 4518 vol.
640 4468 716 4518 XXV
735 4486 759 4533 p.
783 4470 829 4516 103
848 4484 904 4531 sqq.
