3542 5059
1515 176 1559 241 23

169 372 238 435 locis
259 370 456 435 substantiva
480 368 698 452 substantivis,
722 389 965 453 nonnumquam
995 366 1172 455 (ΧΧἯΙἰθε
1195 372 1227 433 in
1252 369 1360 453 Ther,
1387 369 1503 434 XVIies
1525 372 1557 434 in

167 475 228 562 Al.)
257 475 356 539 verba
389 474 507 556 verbis,
546 475 710 537 enuntiata
744 474 915 537 enuntiatis
949 474 1091 558 adiungi,
1125 475 1314 561 aliquotiens
1348 473 1496 561 (ma
1524 478 1558 540 in

168 580 267 664 Ther,
290 578 420 645 VIIIIies
436 580 468 642 in
488 577 555 664 Al.)
575 577 735 643 adiectiva
756 585 788 642 et
810 579 989 664 participia,
1012 601 1085 643 raro
1105 578 1248 665 (XVIIies
1262 582 1295 643 in
1311 579 1420 663 Ther,
1443 578 1558 645 Vilis

166 687 196 748 in
215 683 280 771 Al.)
302 685 380 749 alias
404 685 553 748 orationis
576 692 684 767 partes
696 681 721 769 l)
745 686 828 747 inter
851 705 885 747 sc
909 686 1068 768 coniungi.

510 939 555 1004 B.
584 936 645 1004 De
673 930 890 1017 particulis
917 935 1208 1004 adversativis.

259 1122 479 1185 Transeamus
502 1119 545 1183 ad
568 1119 742 1205 particulas
772 1141 851 1203 quas
876 1119 987 1183 dicunt
1006 1118 1238 1184 adversativae.
1270 1120 1444 1205 exquibus
1460 1142 1557 1206 quam

165 1227 343 1311 saepissime
366 1247 431 1289 non
454 1224 555 1289 solum
578 1226 661 1287 inter
684 1224 907 1288 adversativas
923 1224 980 1288 sed
996 1226 1124 1288 omniuo
1143 1226 1227 1289 inter
1246 1246 1355 1289 omnes
1371 1235 1557 1311 usurpatam

163 1329 303 1393 videmus
328 1328 373 1414 δέ,
402 1351 485 1415 quae
513 1332 545 1393 in
568 1329 664 1392 Ther.
688 1327 881 1411 CCCXXrS,
908 1332 941 1392 in
963 1328 1015 1393 Al.
1036 1328 1278 1395 OLXXVIII¹⁰⁸
1298 1330 1424 1415 legitur.
1470 1330 1558 1396 illam

162 1444 263 1499 autem
286 1434 382 1499 modo
406 1457 444 1497 ea
467 1436 589 1498 ratione
612 1433 769 1517 adhiberis.
793 1441 828 1497 ut
851 1456 951 1519 prope
975 1433 1017 1498 ad
1040 1434 1306 1519 significationem
1327 1435 1558 1519 particularum

162 1538 412 1625 copulativarum
442 1539 588 1621 accedat,
621 1538 716 1603 modo
750 1537 956 1603 adversativa
987 1542 1112 1603 notione
1139 1542 1328 1603 instructam
1358 1562 1440 1623 esse,
1471 1541 1557 1626 quod

160 1644 346 1729 plerumque
369 1646 539 1728 negatione
563 1646 738 1728 praemissa
766 1644 835 1707 fieri
859 1644 947 1727 solet,
976 1666 1070 1708 nemo
1096 1646 1208 1708 nescit.
1254 1666 1293 1708 ac
1316 1667 1557 1731 nonnumquam

160 1752 330 1832 enuntiata,
351 1771 434 1833 quac
449 1748 606 1834 particula
627 1747 664 1814 δέ
683 1747 908 1833 adnectuntur,
929 1749 1030 1814 verbo
1046 1750 1133 1813 finito
1150 1758 1271 1834 carent,
1293 1752 1383 1813 cuius
1403 1749 1556 1814 inlocum

160 1854 314 1919 adverbia
337 1854 389 1917 vel
412 1856 580 1939 participia
603 1853 790 1917 succedunt.

156 1972 164 1985 ”
257 1960 404 2024 Primum
427 1961 525 2043 igitur
546 1958 641 2043 longe
668 1958 812 2043 plurimis
841 1958 919 2022 locis
951 1961 1114 2022 enuntiata
1145 1962 1325 2045 enuntiatis,
1357 1982 1440 2045 quae
1470 1968 1556 2024 ante-

159 2065 284 2148 cedunt,
317 2064 474 2150 particula
505 2062 541 2130 δέ
570 2064 790 2149 adiunguntur
818 2066 872 2147 ita,
903 2073 939 2127 ut
966 2063 1053 2127 nulla
1078 2064 1147 2127 fere
1175 2064 1237 2128 alia
1264 2066 1296 2128 in
1324 2064 1481 2149 particula
1507 2067 1556 2129 vis

157 2172 227 2235 insit
248 2172 311 2234 nisi
336 2167 558 2256 copulativafl)
583 2168 660 2253 quid
684 2168 769 2253 quod
785 2190 850 2232 non
871 2190 945 2232 raro
969 2168 1006 2235 δέ
1028 2169 1218 2254 compluries
1242 2168 1396 2253 deinceps
1419 2172 1556 2254 positum

157 2276 325 2358 invenitur,
357 2277 447 2339 cuius
479 2296 555 2338 usus
585 2272 748 2338 luculenta
778 2283 852 2337 sunt
878 2274 1030 2358 exempla
1052 2273 1148 2338 Ther.
1170 2273 1556 2359 293-304,718-733,

156 2380 204 2443 Al.
224 2380 406 2443 188-194,
430 2420 432 2423 -
453 2388 564 2443 contra
591 2379 780 2463 aliquotiens
810 2376 846 2444 δέ
873 2378 1062 2463 copulativis
1088 2376 1264 2463 respondet
1285 2378 1449 2464 particulis
1477 2376 1556 2464 (καί,

155 2482 207 2549 καί
227 2510 273 2569 τε,
299 2483 335 2550 τὲ
357 2483 440 2570 aliis)
463 2484 564 2549 veluti
587 2483 684 2547 Ther.
705 2482 775 2566 194,
792 2482 865 2567 316,
882 2483 955 2566 367,
973 2482 1047 2565 674,
1070 2481 1121 2548 Al.
1143 2482 1216 2547 593.
1262 2482 1421 2547 nonnullis
1448 2494 1557 2548 autem

154 2588 228 2654 locis
263 2588 377 2676 (Ther.
404 2588 456 2672 93,
484 2587 557 2671 642,
587 2587 658 2671 782,
685 2586 737 2651 Al.
764 2586 821 2673 45)
855 2585 892 2653 δέ
925 2589 958 2650 in
992 2590 1161 2652 enuntiatis
1194 2589 1388 2673 interpositis
1424 2586 1555 2674 legitur3

155 2718 172 2757 a
201 2715 264 2779 quo
297 2716 358 2757 usu
386 2716 449 2757 non
479 2693 614 2757 multum
645 2714 683 2755 ea
713 2694 793 2756 ratio
824 2691 941 2776 differt,
973 2714 1036 2777 qua
1063 2692 1099 2759 δέ
1124 2692 1302 2778 particulae
1333 2692 1469 2757 causalis
1495 2696 1555 2776 γάρ
1589 2787 1593 2794 Ι

154 2799 220 2863 loeo
250 2798 434 2864 adhibitum
471 2820 541 2861 esse
581 2796 723 2880 videtur3
767 2796 806 2861 cf.
834 2796 931 2860 Ther.
957 2796 1031 2881 657,
1059 2796 1132 2880 810,
1160 2796 1211 2861 ΑΙ.
1236 2797 1298 2860 247
1326 2797 1366 2861 al.
1412 2806 1555 2862 ceterum

155 2925 352 2989 quamquam
389 2905 574 2988 saepissime
614 2904 779 2966 enuntiata
819 2904 972 2986 primaria
1010 2899 1047 2967 δέ
1083 2901 1263 2987 copulative
1306 2904 1555 2987 coniunguntur,

153 3018 258 3073 tamen
297 3031 361 3071 non
395 3008 511 3072 desunt
539 3007 609 3091 loci,
643 3006 758 3092 quibus
797 3009 1029 3077 enuntiationes
1061 3006 1271 3071 secundariae
1303 3006 1456 3092 deinceps
1494 3006 1556 3071 col-

154 3134 275 3141 Ἥῄ
279 3134 362 3140 ...ὰ-..-

257 3183 278 3249 1)
300 3185 352 3232 huc
370 3184 505 3247 pertinent
517 3183 555 3232 VI
566 3183 655 3245 Ther,
672 3182 727 3232 ΙΠΙ
739 3182 779 3231 ΑΙ.
792 3181 853 3243 loci,
872 3183 969 3246 quibus
982 3183 1155 3232 substantivis
1168 3184 1307 3232 enuntiata
1324 3181 1438 3232 relativa
1449 3183 1555 3233 adnexa

153 3278 213 3321 sunt
237 3272 412 3337 (adhibentur
434 3271 582 3335 particulae
609 3268 638 3319 τὲ
661 3273 709 3319 καί
728 3268 811 3319 semel
834 3271 863 3318 in
881 3269 970 3331 Ther,
992 3275 1033 3320 ter
1055 3272 1083 3319 iu
1105 3270 1156 3330 Al,
1178 3268 1230 3334 ἠδέ
1250 3275 1345 3334 quater
1366 3271 1395 3319 in
1413 3269 1504 3331 Ther,
1525 3270 1557 3321 τέ

153 3360 234 3409 semel
252 3362 283 3408 in
303 3358 392 3418 Ther„
410 3358 493 3408 semel
511 3360 539 3406 in
558 3356 620 3423 Al),
644 3363 700 3407 tum
718 3357 773 3406 IIII
791 3357 870 3407 Ther.
890 3357 950 3421 loci,
973 3357 1069 3422 quibus
1092 3359 1232 3408 enuntiata
1254 3358 1412 3408 secundaria
1434 3358 1504 3407 inter
1526 3374 1555 3408 se

153 3446 278 3511 copulata
301 3447 477 3495 inveniuntur
501 3443 622 3510 (quorum
648 3460 701 3494 uno
724 3444 762 3505 τέ,
784 3445 869 3494 tribus
892 3443 943 3509 ἠδέ
963 3444 1082 3510 legitur),
1110 3445 1205 3496 deinde
1229 3449 1283 3495 tres
1299 3445 1388 3505 Ther,
1412 3460 1482 3494 unus
1503 3445 1555 3507 At,

153 3535 247 3597 quibus
267 3522 431 3599 participiis,v
445 3532 593 3593 adiectivis‚
612 3532 746 3581 adverbiis
765 3532 898 3595 particula
916 3535 965 3581 καί
979 3534 1146 3582 substantiva
1163 3533 1406 3598 praepositionibus
1424 3533 1555 3583 instructa

154 3621 293 3671 adduntur.
314 3620 382 3670 adde
400 3626 453 3670 tres
472 3620 560 3683 Ther,
579 3620 675 3683 quibus
694 3619 822 3669 adverbia
840 3620 911 3668 inter
928 3635 957 3669 se
975 3621 1160 3669 consociantur
1179 3620 1231 3685 (bis
1248 3619 1380 3685 particula
1397 3623 1452 3681 καί,
1470 3620 1553 3671 semel

154 3708 292 3772 particulis
315 3706 344 3758 τὲ
368 3706 434 3773 καί).
471 3712 571 3757 restant
592 3712 646 3756 tres
664 3707 714 3767 Al,
733 3708 829 3771 quibus
851 3707 1033 3772 copulativam
1055 3708 1086 3758 τέ
1103 3708 1263 3757 disiunctivo
1281 3709 1298 3771 ἢ
1316 3707 1467 3773 respondet,
1484 3723 1554 3757 unus

154 3795 241 3857 Ther,
260 3811 313 3860 quo
332 3797 360 3843 in
381 3797 429 3844 καί
445 3800 472 3844 et
490 3795 666 3859 copulationis
685 3798 712 3844 et
729 3794 894 3859 gradationis
911 3796 953 3844 vis
970 3796 1047 3844 inest.

256 3880 278 3948 ²)
297 3883 394 3933 vocula
413 3880 451 3942 ir,
471 3898 551 3946 quam
564 3883 591 3931 vi
604 3881 758 3946 copulativa
770 3882 927 3931 instructam
945 3883 1030 3946 primo
1049 3884 1182 3932 enuntiati
1200 3882 1282 3933 verbo
1300 3882 1426 3948 postponi
1442 3887 1555 3947 constat,

154 3965 354 4035 nondumquam
372 3969 418 4020 vel
436 3971 542 4019 tertiam
561 3969 650 4019 sedem
669 3974 782 4033 occupat
794 3970 826 4019 iis
840 3969 914 4032 locis,
933 3971 1029 4033 quibus
1047 3970 1215 4021 substantiva
1233 3970 1474 4035 praepositionibus
1492 3986 1554 4020 con-

154 4059 253 4107 sociata
277 4057 447 4123 praecedunt,
476 4072 545 4121 quae
567 4059 650 4107 verba
677 4058 705 4105 in
733 4072 815 4106 unum
840 4062 975 4121 tamquam
999 4063 1097 4107 coeunt
1120 4056 1165 4123 (cf.
1182 4057 1224 4106 Al.
1240 4058 1272 4106 78
1290 4056 1360 4124 ὑπὲρ
1382 4058 1484 4124 γένυάς
1504 4056 1554 4124 τε).

154 4146 229 4195 cuius
247 4146 353 4211 generis
372 4145 443 4195 locos
461 4146 612 4194 invenimus
631 4145 690 4194 hos:
710 4144 789 4195 Ther.
803 4145 862 4205 245,
881 4146 941 4206 307,
960 4147 1019 4205 394,
1035 4147 1094 4207 744,
1112 4144 1154 4194 ΔΙ.
1167 4145 1209 4205 27,
1222 4146 1282 4205 572,
1294 4146 1354 4194 585.
1384 4160 1455 4194 unus
1472 4151 1555 4195 restat

155 4232 236 4293 locus,
265 4234 310 4297 qui
337 4232 479 4282 admodum
503 4233 585 4281 mirus
609 4232 714 4282 videtur
741 4237 848 4298 propter
871 4230 905 4283 δέ
926 4233 1016 4283 alieno
1038 4232 1096 4281 loco
1119 4233 1256 4294 insertum,
1278 4231 1320 4282 Al.
1335 4233 1385 4281 283
1408 4232 1555 4297 λυσσηθεὶς

156 4319 281 4384 γλῶσσαν
299 4317 330 4369 δὲ
347 4323 491 4386 καταπρίει
509 4319 664 4382 κυνόδοντι,
684 4336 735 4384 quo
754 4319 812 4369 loco
825 4320 845 4369 Ι.
857 4320 887 4371 G.
902 4320 1049 4371 Schneider
1061 4319 1162 4385 aliique
1175 4321 1320 4383 λυσσηθείς
1338 4320 1372 4369 ad
1384 4321 1554 4369 enuntiatum

155 4405 314 4455 antecedens
332 4405 500 4456 rettulerunt.
529 4421 616 4471 neque
630 4407 700 4471 quod
718 4407 752 4455 ad
770 4407 902 4472 vocabula
923 4407 1019 4471 quibus
1042 4406 1076 4458 da
1097 4409 1264 4473 postponitur
1286 4409 1411 4472 pertinet,
1434 4406 1554 4457 alienum

154 4492 260 4543 videtur
279 4493 404 4544 adnotare
422 4496 485 4544 satis
504 4510 584 4560 saepe
602 4510 747 4560 pronomen
770 4495 1005 4545 demonstrativum
1024 4497 1048 4556 ὁ,
1060 4498 1085 4560 ἡ,
1097 4493 1129 4545 τό
1141 4500 1205 4545 ante
1223 4493 1257 4545 δέ
1273 4495 1328 4560 legi
1344 4496 1391 4556 ita,
1408 4499 1439 4544 ut
1456 4494 1554 4544 vocula

155 4578 187 4630 δέ
203 4586 231 4630 et
249 4582 388 4631 enuntiata
407 4583 602 4647 coniungantur
620 4588 647 4633 et
665 4583 815 4646 pronomini
834 4584 910 4646 quasi
927 4582 1042 4633 fulcrum
1060 4582 1180 4633 addatur.
1210 4583 1292 4633 simili
1310 4583 1413 4632 ratione
1431 4586 1481 4633 καί
1496 4588 1554 4650 post

156 4667 391 4720 demonstrativum
410 4672 532 4737 usurpari
551 4685 631 4737 supra
650 4687 675 4737 p.
691 4670 720 4719 17
741 4670 864 4721 vidimus.
