3542 5059
233 218 253 281 6

234 410 418 495 figurasque
434 408 607 472 verborum
622 410 768 491 rariores,
793 430 872 493 quas
888 407 976 493 apud
999 417 1170 493 utrumque
1192 417 1321 492 poetam
1343 410 1499 492 invenies
1522 430 1633 472 secun-

234 513 312 578 dum
341 514 492 578 Numenii
526 512 778 597 fragmentorum
812 512 959 576 ordinem
993 512 1143 576 collectas
1175 512 1367 577 adiciamus:
1397 513 1494 577 Num.
1515 513 1553 577 fr.
1575 514 1633 577 13

234 622 417 704 γαιηφάγοι,
441 618 538 681 Ther.
553 614 616 681 784
631 621 817 705 γάιοςοάγος,
840 617 879 681 fr.
896 618 913 681 I
929 617 949 680 3
964 612 1073 700 ἔντερά
1088 615 1218 704 γαίηςβ)
1241 617 1340 682 Ther.
1357 616 1420 682 388
1436 613 1545 703 ἔντερα
1568 626 1633 706 γῇς,

234 722 341 786 fr.14
365 722 591 809 δολιχήποδας,
614 721 711 786 Ther.
732 720 792 786 183
814 722 994 807 δολιχῇρεες
1016 721 1131 785 eodem
1151 744 1266 786 versus
1281 722 1361 805 loco,
1384 722 1422 785 fr.
1439 723 1507 787 IIII
1522 722 1543 785 2
1557 720 1634 801 μνία

234 827 431 909 σιγαλόεντα,
462 827 559 890 Ther.
578 825 638 889 787
663 824 740 910 μνία
762 826 875 902 λεπτά,
899 826 938 890 fr.
955 826 1004 890 VI
1030 828 1045 887 1
1069 830 1198 911 μάργον,
1221 825 1274 891 Al.
1293 826 1354 891 159
1376 832 1493 912 μάργοι
1519 826 1634 891 eodem

234 954 347 995 versus
374 930 454 1014 loco,
482 930 520 995 fr.
542 931 591 995 VI
618 930 638 994 2
666 931 805 1013 ἰοβόλον,
835 930 933 994 Ther.
954 929 1016 993 467
1046 931 1185 1014 ἰοβόροι,
1221 930 1283 993 184
1314 931 1448 1010 ἰοδόκοι,
1479 931 1517 995 fr.
1539 931 1587 995 VI
1614 931 1634 995 2

235 1036 484 1120 σκολόπενδραν,
507 1034 603 1101 Ther.
622 1034 685 1097 812
708 1035 930 1119 σκολόπενδρα
953 1034 1067 1099 eodem
1091 1057 1202 1099 versus
1224 1036 1305 1119 loco,
1332 1036 1371 1100 fr.
1388 1036 1453 1110 VII
1480 1037 1494 1098 1
1519 1036 1635 1120 μελάγ·

235 1164 327 1224 χρων,
343 1140 439 1204 Ther.
454 1138 514 1203 941
532 1139 783 1223 μελανόχροοςβ)
799 1139 837 1202 fr.
851 1139 934 1203 VIII
949 1139 969 1202 2
985 1146 1112 1225 πηρῖνα,
1129 1139 1226 1204 Ther.
1240 1139 1304 1204 586
1319 1148 1448 1227 πηρῑνα,
1464 1141 1502 1203 fr.
1516 1141 1598 1204 VIII
1614 1140 1635 1202 2

234 1244 381 1331 εἰναλίην,
397 1243 494 1308 Ther.
506 1243 569 1307 700
584 1242 763 1331 eiroiip9‚³)
782 1243 820 1307 fr.
831 1244 864 1307 X
876 1242 1016 1329 ῥηιδίως,
1032 1243 1118 1308 idem
1130 1244 1228 1309 Ther.
1242 1244 1293 1328 22,
1310 1244 1362 1310 Αἰ.
1375 1245 1437 1309 401
1457 1245 1589 1329 (ubique
1602 1247 1635 1308 in

235 1372 348 1413 versus
367 1346 509 1433 initio)‚4)
531 1347 569 1411 fr.
585 1347 654 1411 XII
668 1347 828 1433 αἰγιαλῆα,
852 1348 951 1413 Ther.
969 1347 1031 1411 786
1054 1349 1236 1438 αἰγιαλῇιβ)
1259 1349 1297 1414 fr.
1313 1350 1393 1414 XIV
1409 1349 1429 1411 2
1444 1350 1478 1414 ἰν
1493 1358 1635 1435 χροιῇσιν

234 1456 379 1539 ἰρνάρόν,
403 1452 500 1517 Ther.
517 1451 581 1515 262
603 1460 694 1538 χροιῇ
710 1448 739 1517 δ’
754 1452 788 1516 ἰν
802 1462 951 1540 ψαφαρῇ,
975 1453 1012 1517 fr.
1030 1454 1131 1518 XXI
1156 1452 1331 1537 ἐρρίζωται,
1353 1454 1450 1518 Ther.
1470 1453 1530 1517 183
1553 1452 1636 1539 ἰρρί-

235 1556 391 1642 ζωνταιβ)
407 1558 446 1621 fr.
459 1557 527 1620 XX
542 1556 562 1620 3
578 1557 724 1641 άγριάδα,
738 1556 834 1621 Ther.
849 1556 891 1619 89
907 1557 1098 1642 ἀγριάδοςβ)
1121 1558 1160 1623 fr.
1176 1559 1261 1623 XXI
1276 1558 1296 1621 2
1319 1558 1494 1644 ἀνέδραμεν
1508 1550 1635 1644 οίδοςβ)

236 1663 333 1727 Ther.
347 1660 408 1725 237
426 1658 641 1745 ἀναδέδρομεν
655 1660 746 1740 οἰδα,
770 1661 809 1725 fr.
821 1660 923 1726 XXII
938 1662 954 1724 1
972 1661 1089 1747 ἰχώρβ)
1105 1662 1201 1727 Ther.
1219 1663 1283 1727 235
1299 1663 1376 1747 ἰχώρ
1393 1663 1507 1727 eodem
1522 1685 1636 1727 versus

235 1768 315 1850 loco,
338 1767 376 1831 fr.
393 1765 531 1830 ΧΧΠ2
553 1767 684 1853 ηερόεις,
708 1765 805 1830 Ther.
822 1765 884 1830 257
908 1767 1133 1853 ἠερόεσσανβο)
1157 1768 1195 1832 fr.
1212 1768 1313 1831 XXII
1337 1767 1357 1830 2
1378 1767 1513 1857 μολίβῳ,
1537 1767 1635 1833 Ther.

237 1872 299 1935 256
330 1868 475 1953 μολίβου,
505 1868 558 1934 Αἰ.
584 1868 648 1933 600
673 1868 808 1957 μολίβῳ,
839 1871 959 1956 ubique
994 1871 1108 1935 eodem
1139 1895 1252 1936 versus
1281 1872 1405 1957 loco,¹¹)
1437 1873 1475 1937 fr.
1491 1872 1636 1937 ΧΧΙΙ2

236 1974 412 2058 ἐναλίγκιον
426 1967 520 2054 εἶδος,
538 1974 635 2039 Ther.
649 1974 713 2038 384
722 1998 768 2060 sq.
785 1973 962 2059 ἐναλίγκιον
974 2028 981 2041 .
996 2027 1004 2040 .
1018 2027 1025 2040 .
1037 1969 1176 2063 airaga)
1190 1977 1228 2041 fr.
1238 1976 1339 2041 XXH
1351 1977 1371 2040 3
1386 1977 1494 2065 κάλχῇ,
1511 1976 1563 2041 Αἰ.
1573 1976 1636 2039 393

236 2081 353 2168 κάλχης
377 2079 453 2166 (alia
476 2101 553 2143 sane
576 2078 772 2166 notione).¹³)

340 2183 498 2249 Videmus
517 2185 622 2269 igitur,
647 2186 771 2248 etiamsi
793 2183 955 2269 quaedam
979 2208 1021 2248 ex
1038 2187 1083 2248 eis
1106 2208 1189 2271 quae
1213 2188 1432 2269 congessimus
1455 2190 1562 2251 tenuia
1585 2187 1637 2250 vel

237 2292 333 2353 etiam
349 2288 445 2353 exilia
462 2311 531 2353 esse
548 2287 728 2371 videantur,
748 2290 782 2352 in
797 2291 907 2373 primis
923 2290 1104 2374 fragmento
1116 2289 1264 2376 XXII¹4)
1285 2292 1432 2376 quamvis
1447 2291 1637 2356 brevissimo

341 2447 362 2513 ¹)
381 2462 460 2513 quam
480 2446 641 2496 locutionem
660 2446 808 2497 Numenius
827 2462 860 2496 ex
878 2446 959 2497 Arato
979 2448 1029 2496 959
1048 2447 1209 2497 delibavisse
1228 2448 1340 2498 videtur.

341 2534 363 2601 ²)
383 2535 415 2585 cf.
437 2538 465 2585 N
480 2534 531 2583 589
549 2532 653 2599 κύαμοι
669 2534 862 2601 μελανόχροες,
881 2552 897 2584 τ
916 2536 966 2583 246
984 2534 1230 2602 μελανόχροος...
1250 2536 1409 2602 Εὐρυβάτης
1433 2535 1557 2602 (utroque
1579 2537 1637 2586 loco

238 2628 265 2673 in
286 2624 379 2675 eadem
397 2627 478 2686 atque
497 2621 569 2686 apud
587 2620 752 2671 Nicandrum
770 2637 861 2671 versus
880 2620 964 2686 sede).

341 2708 363 2775 3)
383 2709 453 2774 quod
475 2714 565 2759 tamen
589 2708 749 2759 vocabulum
777 2709 847 2774 apud
875 2708 943 2759 alios
970 2725 1076 2773 quoque
1102 2716 1194 2775 poetas
1218 2728 1270 2760 non
1293 2712 1331 2761 ita
1353 2727 1412 2761 raro
1435 2713 1578 2777 reperitur;
1606 2711 1639 2761 cf.

238 2798 256 2849 δ
274 2800 333 2861 443,
352 2813 364 2847 ε
383 2799 425 2860 67,
444 2814 459 2846 ο
478 2798 537 2859 479,
557 2796 667 2847 Theocr.
687 2796 752 2845 XXI
770 2798 803 2845 39
822 2796 944 2861 aliosque
962 2796 1042 2846 locos.

342 2883 363 2950 4)
383 2884 454 2949 quod
473 2885 525 2933 iam
544 2883 615 2949 apud
633 2884 780 2935 Homerum
800 2885 824 2933 Δ
842 2886 901 2944 390,
920 2887 942 2933 6
960 2886 1010 2934 376
1029 2884 1123 2935 eodem
1141 2900 1234 2934 versus
1252 2885 1311 2935 loco
1329 2886 1474 2934 invenitur.

342 2970 364 3037 ⁵)
383 2987 463 3036 quam
490 2987 582 3021 vocem
615 2977 723 3036 praeter
749 2972 913 3021 Numenium
943 2971 1160 3036 Nicandrumque
1190 2974 1375 3023 Archestratus
1405 2989 1511 3037 quoque
1541 2972 1640 3022 Gelous

239 3060 270 3109 fr.
290 3060 391 3108 XXXX
415 3056 614 3124 (Bussemaker)
638 3058 785 3126 μόρμυρος
807 3058 947 3125 αἰγιαλεύς
969 3059 1099 3109 adhibuit.
1125 3062 1200 3109 cuius
1224 3066 1319 3125 poetae
1341 3076 1448 3110 versum
1471 3060 1592 3127 ὀρνίθων
1616 3058 1639 3108 τ’

240 3147 331 3197 διττῶν
350 3147 456 3197 άτταλδν
475 3147 555 3212 γένος
577 3144 619 3211 (fr.
637 3146 713 3195 LVII
732 3145 759 3211 9)
783 3147 918 3196 Nicander
935 3147 976 3197 Al.
999 3148 1046 3196 165
1071 3146 1186 3198 πολλάκι
1209 3144 1234 3197 δ
1254 3149 1404 3214 ὀρταλίχων
1427 3146 1535 3209 ἁπαλὴν
1553 3145 1640 3197 ὠδῖνα

239 3233 359 3292 κενώσας
378 3235 497 3283 imitatus
516 3248 573 3282 esse
591 3232 703 3282 videtur.

343 3320 365 3386 ⁰)
384 3321 417 3371 cf.
436 3338 452 3385 η
474 3322 522 3369 122
542 3318 681 3389 ἐρρίζωται
700 3319 804 3386 (eodem
823 3325 907 3385 atque
926 3321 998 3386 apud
1016 3322 1180 3371 Nicandrum
1199 3337 1291 3371 versus
1310 3320 1389 3387 loco).

345 3406 366 3473 7)
385 3408 455 3473 quod
473 3408 635 3457 adiectivurn
654 3408 812 3473 Apollonius
831 3408 950 3458 Rhodius
969 3424 1073 3473 quoque
1091 3411 1104 3459 I
1124 3410 1156 3458 28
1180 3410 1208 3457 in
1231 3409 1324 3458 eadem
1347 3424 1379 3458 ac
1398 3408 1531 3458 Nicander
1548 3423 1640 3458 versus

240 3496 302 3547 sede
321 3500 438 3561 usurpat.

342 3582 364 3649 ⁸)
384 3585 422 3633 sie
442 3584 513 3632 enim
532 3582 680 3642 verissime,
701 3581 771 3646 quod
790 3583 818 3630 in
837 3582 913 3632 libris
932 3588 1012 3643 extat,
1031 3581 1107 3639 ἕλκος
1125 3582 1250 3633 Meineke
1269 3582 1429 3632 emendavit.

344 3670 365 3735 ⁹)
384 3672 461 3720 cuius
479 3670 538 3719 loco
556 3674 646 3719 tamen
665 3674 737 3719 recte
756 3668 787 3718 Ο,
801 3669 947 3720 Schneider
965 3670 1083 3735 prolegg.
1103 3687 1128 3735 p.
1143 3672 1191 3719 201
1213 3667 1259 3719 ini
1272 3668 1347 3737 χρώς
1365 3671 1510 3719 οοῐιίοοὶεεο
1528 3666 1640 3718 videtur.

333 3756 366 3823 l⁰)
385 3773 465 3823 quam
489 3772 581 3807 vocem
605 3757 737 3806 Homerus
759 3757 834 3817 913,
853 3760 893 3807 M
902 3759 961 3817 240,
983 3758 1077 3818 0191,
1098 3759 1181 3820 Φ56,
1203 3758 1284 3817 Ψ51,
1308 3756 1383 3816 iot,
1401 3773 1418 3806 ο
1436 3758 1470 3805 64
1492 3757 1639 3821 usurpavit.

334 3844 368 3912 11)
388 3845 458 3910 quod
476 3844 547 3909 apud
566 3844 712 3893 Homerum
732 3859 837 3908 quoque
855 3848 886 3893 A
905 3846 955 3893 237
975 3846 1002 3894 in
1022 3844 1114 3894 eadem
1133 3860 1224 3893 versus
1243 3843 1306 3893 sede
1324 3844 1494 3907 conspicitur.

333 3930 366 3999 1²)
386 3932 418 3981 de
437 3947 489 3997 quo
507 3936 597 3981 tamen
616 3931 677 3980 vide
695 3936 785 3980 notam
806 3934 845 3980 14.

334 4018 452 4085 1³)adde
480 4018 550 4083 quod
579 4017 652 4082 δήεις
674 4018 765 4085 (Num.
788 4019 819 4068 fr.
838 4018 851 4067 I
870 4017 898 4083 2)
921 4019 950 4066 in
974 4017 1111 4068 Theriacis
1134 4032 1239 4081 quoque
1262 4018 1344 4066 octies
1366 4016 1516 4077 adhibetur,
1539 4016 1643 4066 πολλόν

241 4109 363 4158 adverbii
381 4108 439 4157 loco
458 4107 573 4172 positum
593 4106 683 4171 (Num.
702 4106 734 4157 fr.
753 4106 791 4155 VI
809 4108 833 4166 2,
852 4106 918 4154 XXI
936 4104 972 4170 2),
997 4105 1065 4169 quod
1084 4110 1174 4154 tamen
1198 4104 1268 4169 apud
1287 4104 1353 4153 alios
1376 4119 1481 4168 quoque
1504 4110 1596 4168 poetas
1614 4106 1643 4153 in

242 4212 290 4245 usu
312 4201 358 4255 est,
377 4210 457 4259 saepe
475 4193 547 4259 apud
565 4194 729 4242 Nicandrum
752 4198 888 4257 comparet
912 4193 955 4258 (cf.
974 4193 1088 4257 append.
1107 4189 1154 4256 II),
1172 4194 1267 4254 κεῖνος,
1291 4192 1361 4255 quod
1385 4191 1456 4256 apud
1480 4192 1643 4240 Numenium

242 4283 284 4349 (fr.
294 4283 399 4331 XVIIII
414 4286 425 4331 1
441 4278 552 4348 χαλκίδ’
567 4278 680 4345 ἐκείνην,
699 4296 747 4329 scr.
761 4280 871 4329 fortasse
883 4277 1005 4346 χαλκίδα
1023 4278 1126 4343 κείνην)
1144 4294 1204 4327 cum
1221 4279 1386 4328 abundantIa
1398 4278 1512 4342 quadam
1524 4278 1642 4328 additum

242 4371 324 4433 vides,
344 4369 435 4420 eadem
454 4371 556 4419 ratione
574 4384 590 4417 a
603 4368 736 4417 Nicandro
755 4369 853 4432 passim
871 4373 1023 4432 usurpatur.
1048 4383 1125 4432 porro
1144 4382 1236 4416 versus
1254 4367 1332 4415 Num.
1351 4366 1382 4415 fr.
1395 4366 1436 4413 13
1456 4370 1483 4414 et
1501 4365 1579 4414 Ther.
1594 4366 1643 4414 717

243 4474 301 4507 eum
321 4460 402 4507 verbo
420 4458 562 4519 κέκληνται
581 4453 728 4523 (κέκληται)
748 4457 776 4504 in
795 4470 887 4505 versus
906 4456 1037 4520 principio
1055 4456 1139 4519 posito
1158 4460 1214 4503 turn
1233 4453 1374 4503 adtributis
1392 4453 1455 4502 huic
1474 4453 1555 4502 verbo
1574 4456 1643 4517 post-

242 4545 335 4610 positis
353 4545 423 4594 inter
440 4559 468 4593 se
487 4543 629 4593 admodum
647 4543 747 4592 similes
766 4548 835 4591 sunt.

336 4628 368 4696 14)
388 4631 418 4680 Ο.
438 4631 594 4681 Schneideri
613 4631 766 4679 coniectura
786 4628 830 4679 ἐττί
842 4628 918 4696 χρώς
936 4635 1043 4695 recepta
1061 4635 1141 4693 atque
1160 4628 1249 4677 verbis
1269 4626 1375 4694 άμφίὲ
1395 4627 1431 4693 (v.
1450 4625 1478 4692 3)
1500 4627 1529 4676 in
1547 4625 1642 4675 άλλοτε

243 4720 350 4767 mutatis
374 4718 477 4782 reliqua
500 4720 581 4768 verba
605 4719 642 4767 sic
666 4717 850 4767 constituenda
873 4723 976 4781 putem:
1004 4716 1115 4785 ῥίθεσίν
1134 4714 1248 4782 (ἄνθεσί
1263 4716 1343 4778 enim,
1366 4715 1437 4779 quod
1459 4717 1488 4763 in
1507 4714 1644 4764 nonnullis
