3542 5059
735 1023 1107 1131 Appendix.

328 1324 353 1387 I.
378 1322 475 1388 Ther.
493 1323 556 1387 359
577 1324 764 1409 χερσύδροιο
786 1318 842 1388 καί
857 1319 998 1400 ἀσπίδος
1019 1320 1103 1409 ε’ίρεο
1125 1328 1252 1410 μορφὰς
1272 1326 1277 1406 Ι
1296 1322 1404 1403 ἐσαίας
1426 1333 1498 1411 post
1519 1326 1624 1391 adiec-

223 1430 326 1493 tivum
348 1428 455 1507 ίσαῖος
475 1427 633 1513 particula
654 1426 710 1495 καί
731 1429 907 1509 invenitur,
936 1425 977 1491 cf.
994 1427 1152 1492 Kuehner
1172 1428 1207 1493 Π
1227 1428 1288 1491 361
1313 1428 1389 1495 adn.
1413 1428 1467 1508 18,
1492 1433 1547 1517 qui
1568 1430 1622 1495 ad·

223 1532 294 1597 tulit
315 1531 421 1597 locum
443 1534 577 1597 Homeri
600 1536 628 1598 E
647 1532 712 1596 442
736 1534 855 1599 ούποτε
878 1530 978 1620 φῦλον
1004 1530 1116 1615 ὁμοῖον
1135 1532 1140 1618 Ι
1159 1534 1334 1599 ἀθανάτων
1355 1558 1391 1599 τε
1414 1539 1502 1601 θεῶν
1524 1536 1623 1622 χαμαί

222 1634 399 1723 ἐρχομένων
424 1632 454 1701 τ’
477 1640 669 1724 ἀνθρώπων.
715 1634 774 1701 sed
801 1634 871 1700 aliis
898 1634 1055 1700 Nicandri
1080 1636 1159 1701 locis
1187 1637 1229 1701 ab
1256 1637 1424 1703 adiectivis
1450 1640 1623 1727 verbisque

223 1740 462 1807 similitudinem
486 1740 741 1827 significantibus
765 1741 855 1806 solito
877 1763 966 1805 more
990 1738 1132 1805 dativum
1156 1751 1268 1826 aptum
1282 1741 1440 1808 videmus.
1476 1765 1538 1830 quo
1553 1767 1623 1831 per-

221 1848 324 1911 tinent
353 1841 516 1912 adiech'va
543 1846 628 1928 ίσος,
659 1848 748 1925 ἐῖσος
777 1845 874 1911 Ther.
899 1843 963 1909 268
991 1855 1025 1911 et
1050 1844 1128 1929 630,
1157 1847 1266 1933 ίσήρης
1292 1846 1390 1912 Ther.
1408 1847 1481 1933 788,
1503 1848 1624 1929 είκελος

222 1950 319 2016 Ther.
333 1950 406 2035 235,
424 1951 498 2036 523,
512 1951 585 2037 755,
602 1950 675 2032 799,
689 1950 796 2029 ίκελος
807 1950 905 2015 Ther.
916 1950 979 2014 719
995 1959 1027 2015 et
1043 1949 1116 2035 764,
1132 1948 1275 2035 ἀλίγκιος
1289 1951 1341 2017 Al.
1358 1951 1432 2037 293,
1448 1951 1623 2037 ἐναλίγκιος

221 2055 316 2120 Ther.
335 2055 408 2140 384,
426 2056 498 2140 760,
516 2055 589 2140 786,
609 2054 839 2142 προσαλίγκιος
860 2053 957 2120 Ther.
976 2054 1049 2139 739,
1072 2054 1150 2140 ύμύς
1164 2055 1261 2121 Ther.
1278 2055 1352 2123 817.
1391 2080 1497 2144 neque
1518 2061 1622 2123 minus

221 2163 425 2226 accusativus
447 2162 576 2247 generis
599 2163 742 2226 neutrius
766 2160 914 2226 adverbii
935 2159 1005 2225 loco
1032 2161 1154 2246 positus
1182 2184 1255 2226 cum
1278 2159 1385 2227 dativo
1410 2165 1622 2248 coniungitur,

221 2264 319 2331 veluti
344 2264 418 2332 ίσον
445 2264 543 2331 Ther.
564 2264 643 2350 680,
670 2263 832 2349 ἐναλίγκια
854 2264 906 2330 Al.
930 2265 992 2329 116
1015 2264 1087 2330 alia.
1133 2265 1219 2330 adde
1246 2264 1441 2333 adiectivum
1465 2268 1623 2353 ίσώναμος

222 2392 295 2435 cum
319 2368 427 2435 dativo
451 2378 670 2435 constructum
692 2368 788 2434 Ther.
810 2368 889 2451 6783
914 2378 1026 2434 contra
1051 2374 1236 2457 φερώνυμος
1259 2392 1332 2435 cum
1354 2373 1504 2455 genetivo
1528 2393 1621 2459 copu-

219 2474 303 2539 latur
329 2474 426 2539 Ther.
448 2474 510 2539 561
540 2484 572 2539 et
598 2474 671 2539 666.
716 2496 812 2561 porro
841 2473 986 2539 dativum
1013 2497 1056 2539 ex
1083 2474 1132 2539 his
1159 2473 1193 2539 id
1220 2497 1324 2560 genus
1347 2474 1455 2540 verbis
1478 2476 1621 2562 pendere

219 2578 383 2645 videmus:
428 2577 567 2645 ἐοικέναι
593 2579 690 2644 Ther.
713 2577 776 2643 658
801 2589 833 2644 et
856 2578 934 2663 747,
961 2576 1113 2645 είδεσδαι
1135 2578 1232 2643 Ther.
1256 2579 1328 2663 149,
1351 2578 1426 2665 257,
1449 2579 1523 2665 272,
1547 2581 1621 2666 273,

220 2684 293 2765 748,
309 2684 361 2749 Al.
374 2683 449 2767 289,
461 2684 534 2768 338,
549 2681 752 2751 είδαίνεσδαι
766 2682 818 2748 ΑΙ.
829 2684 880 2768 76,
898 2683 1110 2750 ίνδύλλεσθαι
1122 2683 1220 2747 Ther.
1237 2684 1297 2749 153
1314 2692 1346 2748 et
1361 2683 1435 2769 259,
1451 2685 1621 2766 ἰσάζεσθαι

220 2787 317 2853 Ther.
335 2787 409 2873 886,
433 2785 602 2855 ἰσαίεσθαι
624 2788 676 2853 Al.
693 2788 768 2873 399,
792 2786 965 2873 ίσοζυγέειν
980 2788 1078 2854 Ther.
1096 2787 1168 2853 908.
1197 2811 1303 2875 neque
1318 2792 1431 2875 paucis
1446 2788 1524 2855 locis
1540 2812 1622 2855 com-

218 2896 342 2979 paratio
365 2915 448 2980 quae
473 2893 588 2959 dicitur
611 2893 851 2980 compendiaria
873 2892 979 2959 adest:
1018 2893 1116 2957 Ther.
1133 2892 1198 2957 292
1229 2896 1376 2981 πύρνοψι
1399 2897 1465 2982 φύν]
1485 2895 1623 2979 λογάδας

218 3022 251 3063 τι
273 2999 467 3087 προσεικῆ,1)
491 2998 721 3086 334διψύδος
742 2991 828 3078 είδος
850 2998 1013 3083 ύμώσεται
1029 3049 1037 3062 .
1054 3049 1062 3062 .
1080 3050 1087 3062 .
1104 2995 1219 3086 ἐχίδνῃ,
1245 2998 1305 3062 751
1330 2998 1427 3084 δίλγεα
1450 2998 1486 3065 δέ
1504 2998 1622 3085 προτέ-

219 3124 322 3187 ροισιν
341 3102 400 3169 λ’σα
423 3108 587 3168 κνώπεσσι
609 3102 754 3186 πελάζει,
785 3101 849 3168 802
875 3105 979 3189 πτερὰ
1005 3102 1099 3168 λευκὰ
1127 3100 1253 3183 χέονται
1274 3107 1279 3183 l
1298 3106 1439 3188 μάσσακι
1461 3105 1621 3191 σιτοβόρῳ

218 3205 389 3291 ἐναλίγκια,
424 3208 476 3271 Al.
499 3207 561 3271 376
586 3208 759 3293 δορύκνιον,
787 3203 824 3275 ού
845 3232 881 3273 τε
909 3208 1042 3292 γάλακτι
1062 3207 1067 3293 Ι
1087 3209 1161 3297 ὠπή
1183 3231 1219 3273 σε
1240 3206 1360 3294 βρῶσίς
1381 3232 1417 3273 τε
1434 3259 1440 3273 .
1458 3260 1465 3273 .
1483 3260 1490 3272 .
1508 3203 1621 3289 ἔικσαι,

219 3311 284 3377 600
305 3310 429 3398 μολίβῳ
453 3312 600 3400 είδύνασο
623 3314 713 3398 χροιή
737 3311 798 3399 (sic
822 3317 867 3393 Π,
891 3311 1005 3397 reliqui
1028 3310 1160 3398 χροιήν).
1206 3311 1430 3377 memorabiles
1452 3323 1622 3396 praeterea

219 3426 293 3480 sunt
315 3416 377 3481 loci
400 3416 497 3481 Ther.
514 3416 576 3481 516
611 3414 681 3503 ῥίζα
706 3468 763 3482 ...
788 3415 892 3494 πύξου
914 3425 1006 3505 χροιῇ
1028 3413 1257 3502 προσαλίγκιος
1279 3426 1311 3481 et
1334 3415 1397 3482 734
1423 3415 1442 3483 ὃ
1466 3418 1505 3505 δὴ
1527 3418 1621 3483 λύκου

217 3520 327 3586 ε’ίσασο
349 3530 465 3609 μορφῇ,
491 3521 607 3608 quibus
623 3520 860 3607 accusativusl)
883 3521 1046 3586 relationis
1069 3523 1101 3584 in
1125 3520 1271 3586 dativum
1286 3521 1365 3588 abiit
1380 3545 1454 3587 cum
1468 3525 1619 3609 genetivo

218 3628 265 3689 rei
287 3634 501 3711 comparatae,
526 3648 608 3712 quae
631 3626 708 3691 ahbi
731 3626 839 3691 dativo
863 3627 1064 3711 exprimitur,
1087 3627 1313 3691 consociatum.

321 3729 364 3794 II.
388 3729 577 3796 Accusativi
600 3730 833 3796 adiectivorum
855 3733 999 3796 neutrius
1021 3733 1166 3816 generis,
1190 3734 1244 3818 qui
1267 3754 1397 3818 prorsus
1420 3732 1488 3797 fere
1510 3735 1544 3797 in
1566 3731 1620 3796 ad·

218 3834 332 3899 verbia
355 3833 514 3920 abierunt,
537 3835 625 3922 apud
647 3836 848 3902 Nicandrum
870 3836 959 3901 haud
981 3838 1078 3921 pauci
1100 3838 1316 3902 inveniuntur.
1341 3838 1430 3902 cuius
1446 3859 1523 3902 usus
1537 3839 1621 3901 inter

218 3940 281 4003 alia
302 3938 386 4004 haec
409 3940 581 4006 observavi
604 3941 768 4027 exempla:
811 3963 936 4007 accus.
961 3940 1097 4027 singul.
1115 3941 1237 4007 πολλόν
1258 3941 1354 4006 Ther.
1374 3941 1446 4027 179,
1470 3941 1543 4027 832,
1566 3939 1618 4006 Αἰ.

221 4042 295 4127 109,
327 4043 402 4128 156,
426 4043 503 4129 246,
531 4045 615 4111 πολύ
637 4044 690 4110 Al.
707 4047 786 4131 393,
813 4054 939 4132 παῦρον
966 4044 1064 4110 Ther.
1088 4044 1162 4126 297,
1193 4048 1314 4112 τυτθόν
1343 4045 1439 4111 Ther.
1463 4045 1516 4130 47,
1537 4045 1619 4131 μέγα

105 4174 108 4179 ·
218 4148 313 4212 Ther.
333 4147 405 4233 779,
429 4150 526 4234 δίκρον
549 4149 601 4215 Al.
618 4150 692 4235 477,
716 4153 901 4237 πρόσπαιον
917 4150 1014 4215 Ther.
1032 4150 1106 4235 690,
1130 4151 1250 4237 ἐχθρόν
1265 4150 1317 4216 Αἰ.
1335 4150 1399 4214 572
1416 4150 1521 4237 (aliter
1536 4173 1619 4216 com-

217 4264 349 4337 paratus
365 4262 413 4318 est
427 4251 516 4319 locus
531 4254 628 4320 Ther.
641 4254 716 4340 421,
734 4256 774 4321 de
791 4278 854 4343 quo
871 4255 912 4321 cf.
928 4278 960 4342 p.
974 4255 1015 4318 74
1031 4255 1106 4320 adn.
1124 4254 1145 4320 5
1166 4253 1274 4340 exta),
1295 4254 1435 4341 ῥίγιστον
1450 4255 1548 4321 Ther.
1566 4256 1618 4341 64,

322 4444 343 4513 ¹)
362 4449 400 4497 sic
417 4453 520 4498 textum
539 4451 677 4500 constituit
695 4450 726 4501 O.
745 4449 903 4513 Schneider3
921 4448 969 4500 sed
986 4448 1020 4499 cf.
1039 4465 1065 4515 p.
1077 4450 1110 4497 81
1129 4447 1191 4499 adn.
1205 4450 1229 4499 3.

321 4532 343 4600 ²)
361 4537 522 4586 accusativis
540 4535 678 4587 relationis
701 4538 837 4589 adtributa
859 4536 949 4593 addita
967 4535 1089 4586 videmus
1106 4535 1149 4586 nl.
1163 4537 1196 4585 76
1213 4535 1279 4599 νέην
1297 4535 1341 4600 (cf.
1360 4553 1377 4585 α
1395 4538 1447 4587 208
1465 4540 1547 4595 αἰνῶς
1565 4539 1619 4605 γὰρ

217 4621 340 4689 κεφαλήν
364 4638 392 4673 τε
414 4622 461 4671 καί
484 4625 598 4691 ὄμματα
617 4625 685 4675 καλὰ
704 4622 794 4681 ἔοικας
810 4624 814 4691 Ι
829 4622 921 4690 κείνῳ)
941 4630 968 4673 et
990 4623 1069 4676 Ther.
1087 4625 1146 4683 259,
1165 4624 1193 4671 in
1215 4638 1268 4687 qno
1290 4639 1315 4673 v.
1338 4626 1433 4696 mirum
1457 4626 1485 4675 in
1508 4625 1614 4675 modum

217 4709 351 4773 superflue
369 4709 431 4774 ίσην
449 4710 582 4761 adiectum
602 4718 649 4762 cst.
