3542 5059
322 399 392 462 Iam
412 421 517 484 pauca
536 399 576 463 de
596 401 635 462 iis
655 400 733 463 loeis
748 399 950 484 adnotemus,
971 400 1088 486 quibus
1107 403 1140 465 in
1160 404 1357 486 pronominis
1373 404 1401 483 δ,
1416 406 1446 489 ι),
1462 405 1500 469 τό
1514 403 1620 469 locum

220 500 264 581 ός,
276 506 305 589 ἥ,
319 503 340 567 ό
352 503 506 567 succedit.
524 504 610 590 quod
626 506 670 568 ita
681 514 863 589 usurpatur,
880 514 916 569 ut
931 514 987 569 aut
1001 506 1177 571 rationibus
1192 509 1332 570 metricis
1345 510 1494 593 exigatur
1510 507 1620 593 (Ther.

219 606 283 669 366
300 618 331 670 et
346 607 398 671 ΑΙ.
414 608 478 671 470
501 607 537 688 ὃς
553 604 582 674 d'
597 610 669 695 ἤτοι
684 611 716 672 11
732 631 846 673 versus
862 610 960 693 initio,
981 610 1078 675 Ther.
1096 610 1159 675 580
1180 606 1233 693 ὧν,
1254 610 1306 675 ΑΙ.
1323 611 1387 676 250
1407 608 1455 695 οὗ,
1475 612 1540 676 565
1555 603 1622 679 οἷσι

219 711 340 796 ubique
363 722 434 797 post
457 735 625 778 caesuram
648 735 745 798 quam
768 723 886 779 vocant
909 714 1142 801 bucolicam31)
1173 714 1259 779 adde
1284 715 1382 781 Ther.
1398 716 1477 796 498,
1500 718 1556 781 ubi
1579 740 1622 781 ex

219 814 257 880 O.
275 815 465 881 Schneideri
488 820 672 882 coniectura
694 816 824 902 legitur:
853 816 953 898 ποίας
971 818 977 903 Ι
997 816 1185 906 δρέψασθαι
1208 830 1391 908 νεοκμῆτας,
1415 820 1433 886 ὃ
1457 825 1514 907 γὰρ
1537 846 1621 905 11ρο-

219 918 416 1006 φερέστατον
431 921 581 1008 attauh)
598 932 653 985 aut
667 924 700 986 in
714 925 803 987 initio
816 945 929 987 versus
946 922 1150 1010 colloceturss)
1166 924 1263 989 Ther.
1278 925 1342 989 506
1353 929 1400 1013 ἢν,
1418 921 1514 1012 7091,
1531 978 1538 1007 ,
1556 926 1618 989 801

218 1013 267 1103 οἷς
283 1025 321 1111 δτ)
336 1024 400 1106 καί,
418 1025 479 1089 837
498 1014 592 1105 οἷσιν,
608 1025 671 1089 912
687 1020 740 1107 ὧν,
757 1026 808 1091 ΑΙ.
826 1021 995 1112 3921514)
1019 1051 1082 1093 1110
1101 1028 1171 1092 loco
1187 1028 1240 1093 ΑΙ.
1255 1030 1320 1092 443
1340 1032 1426 1095 δι’σσα
1448 1052 1505 1115 pro
1520 1040 1622 1096 ταῦτα

219 1129 432 1217 adhibetur.⁵)
456 1153 560 1216 neque
583 1131 662 1195 illud
685 1132 958 1216 praetereundum
981 1142 1031 1195 est
1050 1155 1113 1197 non
1129 1135 1241 1219 paucis
1263 1133 1341 1197 locis
1363 1136 1406 1198 ita
1430 1137 1621 1220 comparatis

219 1233 432 1321 asyndetonss)
456 1238 611 1320 conspici:
634 1236 731 1300 Ther.
748 1236 822 1319 506,
846 1235 920 1320 580,
945 1236 1019 1321 837,
1043 1237 1117 1321 912,
1140 1237 1192 1303 ΑΙ.
1209 1238 1283 1322 392,
1306 1239 1381 1316 565,
1404 1239 1491 1325 quod
1514 1240 1547 1302 in
1569 1262 1621 1324 ge-

218 1341 304 1402 neris
333 1338 576 1404 demonstrativi
602 1342 843 1426 pronominibus
870 1341 1099 1428 adverbiisque
1126 1366 1146 1405 a
1167 1343 1332 1408 Nicandro
1360 1366 1423 1408 101
1446 1344 1544 1409 semel
1567 1344 1621 1408 ad·

220 1444 353 1507 missum
375 1444 533 1509 videmus.

322 1548 472 1635 Sequitur
494 1558 530 1612 ut
552 1548 593 1613 de
616 1549 747 1635 reliquis
770 1550 1012 1637 pronominibus
1036 1549 1295 1616 demonstrativis
1318 1552 1383 1631 όδε,
1406 1558 1504 1634 τοῖος,
1527 1554 1622 1631 αὐτός

211 1676 260 1699 ’-
283 1652 324 1716 de
354 1659 457 1732 κεῖνος
486 1656 551 1718 iam
573 1677 605 1739 p.
628 1653 667 1717 77
692 1654 766 1718 adn.
791 1653 811 1717 2
842 1656 1050 1739 exposuimus
1073 1692 1116 1700 —
1139 1655 1292 1720 nonnulla
1315 1655 1510 1721 adferamus.
1534 1654 1621 1743 ddel)

217 1758 314 1841 igitur
336 1760 447 1842 paucis
471 1767 596 1823 tantum
618 1757 695 1822 locis
718 1758 835 1843 legitur
856 1758 956 1844 idque
971 1759 1059 1823 nude
1075 1762 1226 1843 positum:
1251 1760 1347 1825 Ther.
1366 1760 1439 1844 714,
1457 1760 1529 1845 745,
1548 1761 1620 1845 795,

217 1859 269 1925 ΑΙ.
290 1861 369 1945 365,
398 1861 514 1948 quibus
543 1862 628 1927 ad'de
655 1862 752 1927 Ther.
775 1862 853 1941 795,
880 1863 937 1927 ubi
964 1886 1074 1928 omnes
1101 1864 1174 1928 libri
1198 1874 1335 1950 excepto
1359 1870 1405 1947 Π,
1429 1868 1484 1951 qui
1505 1870 1561 1952 τὴν
1584 1863 1621 1931 δέ

218 1966 354 2049 praebet
376 1966 418 2031 ab
442 1966 480 2032 Ο.
499 1966 696 2032 Schneidero
719 1978 896 2054 receptum,
920 1968 1013 2056 τήνδε
1036 1968 1202 2052 exhibent,
1227 1969 1313 2054 quod
1336 1968 1486 2055 equidem
1508 1970 1619 2055 probo.

217 2067 266 2133 his
288 2069 366 2134 locis
390 2071 536 2135 omnibus
559 2071 594 2136 id
616 2072 857 2137 observandum
880 2082 929 2138 est
950 2071 1005 2139 lide
1029 2073 1072 2137 ad
1095 2076 1269 2159 superiora,
1304 2096 1368 2138 non
1390 2074 1620 2159 adaequantia

219 2174 372 2260 referri.⁸)
395 2184 483 2255 τοῖος
503 2177 597 2240 modo
614 2200 687 2241 eum
705 2178 913 2242 substantivis
930 2181 1134 2242 coniunctum
1141 2202 1154 2241 ε.
1173 2178 1269 2243 Ther.
1288 2177 1305 2240 7
1330 2176 1417 2264 (τοῖα
1435 2231 1441 2243 .
1460 2231 1466 2243 .
1485 2230 1491 2243 .
1508 2178 1619 2265 01165)-

216 2278 335 2367 τήρια),
355 2279 419 2343 408
436 2279 539 2366 (τοῖόν
553 2305 615 2367 περ
631 2282 769 2367 ἀυτμένα
785 2281 942 2368 δεινόν),9)
962 2282 1026 2346 482
1042 2280 1144 2368 (τοῖος
1161 2335 1167 2347 .
1185 2334 1192 2347 .
1211 2335 1218 2348 .
1235 2281 1332 2369 όφις),
1349 2284 1413 2347 543
1429 2280 1546 2370 (λείρια
1562 2335 1569 2347 .
1587 2333 1594 2348 .
1612 2335 1618 2349 .

216 2382 316 2469 τοῖα),
335 2383 397 2448 780
413 2382 499 2473 (cuiq
518 2437 525 2450 .
543 2438 549 2450 .
568 2437 574 2450 .
590 2388 687 2465 κόιτις
703 2439 709 2451 .
728 2438 735 2451 .
754 2438 760 2451 .
776 2385 855 2474 τοίῳ
871 2385 929 2452 ἐπὶ
943 2385 1129 2474 κέντρῳ),1“)
1145 2386 1208 2451 785
1224 2386 1309 2476 (τοίη
1327 2440 1333 2452 .
1349 2440 1355 2453 .
1371 2440 1377 2453 .
1393 2387 1619 2473 βούβρωστις),

321 2593 342 2657 ¹)
361 2596 431 2659 quod
449 2596 522 2647 valet
540 2598 621 2646 etiam
640 2597 672 2647 de
691 2597 756 2646 locis
774 2598 925 2647 Homericis
943 2615 962 2663 y
978 2598 1030 2647 408
1049 2591 1097 2660 οἷς,
1116 2612 1128 2647 ε
1147 2599 1196 2646 481
1218 2596 1272 2659 οὓς,
1291 2600 1306 2657 ξ
1324 2598 1338 2645 7
1358 2598 1400 2662 ἣν.

228 2666 230 2673 ’
321 2679 343 2747 ¹)
363 2682 1000 2753 Ι111110111666111115611δρέψασθαινεόκμητα,
1019 2686 1049 2735 τὸ
1063 2685 1117 2753 γὰρ
1129 2701 1216 2752 προφ.
1253 2685 1391 2735 Bentleius
1408 2687 1541 2750 νεοκμῆτι
1557 2700 1619 2734 001-

215 2769 279 2817 16011
296 2768 329 2817 ad
347 2766 387 2819 ἔτι
398 2768 510 2832 βλόοντι
522 2770 602 2838 φόνῳ
614 2770 791 2833 referendum,
804 2770 874 2835 quod
887 2772 945 2820 iure
958 2771 977 2819 Ι.
991 2771 1023 2821 G.
1036 2769 1182 2821 Schneider
1194 2787 1248 2821 cur.
1263 2777 1330 2835 post.
1344 2788 1369 2835 p.
1380 2772 1430 2821 246
1442 2772 1619 2837 impugnavit,

216 2856 262 2919 qui
274 2856 372 2905 collato
383 2873 409 2906 v.
420 2856 498 2907 Ther.
510 2858 558 2906 707
572 2861 709 2923 νεοκμῆτα
722 2859 866 2923 proposuit.
886 2858 918 2908 0.
931 2857 1077 2908 Schneider
1089 2863 1179 2909 autem
1190 2864 1351 2925 νεοκμῆτας,
1365 2858 1396 2907 0.
1408 2898 1413 2908 .
1425 2896 1431 2907 .
1442 2860 1553 2923 scripsit.
1572 2859 1619 2908 sed

215 2942 326 2992 fortasse
344 2948 461 3007 praestat
478 2944 577 2994 tradita
595 2943 710 2994 lectione
729 2944 865 3010 paulisper
881 2948 1021 2995 immutata
1037 2947 1160 2995 conicere
1177 2951 1331 3013 νεοτμῆγα,1
1349 2951 1420 2995 certe
1433 2945 1520 3010 Apoll.
1533 2945 1619 2994 Rhod.

215 3029 462 3094 115830011100110
482 3030 609 3097 ἀποτμήξ
626 3047 689 3081 usus
708 3037 756 3081 est.
793 3046 880 3097 neque
899 3032 995 3082 desunt
1008 3032 1138 3082 eiusmodi
1155 3034 1298 3083 verborum
1314 3032 1535 3082 conformationes
1547 3032 1619 3097 apud

215 3117 387 3178 Nicandrum,
406 3116 491 3167 veluti
510 3118 649 3182 αἰνοιιλήξ,
669 3118 801 3187 ἀπορρώξ,
822 3118 961 3186 διιοσφάξ,
979 3119 1131 3184 liodoaldi,
1149 3117 1255 3188 εότριιμ,
1274 3119 1426 3187 nasaniae.

318 3201 340 3268 ³)
360 3204 392 3253 ef.
412 3202 430 3253 0
448 3205 481 3253 ov
501 3194 548 3265 ὧν,
567 3222 589 3272 φ
609 3207 658 3255 303
678 3203 706 3264 ἐξ
724 3195 765 3256 οὗ.

320 3289 342 3356 ⁴)
363 3282 401 3341 ὧν
419 3292 452 3340 τὰ
470 3292 525 3357 μέν
544 3297 605 3357 apte
625 3308 684 3341 cum
703 3293 782 3343 Ther.
799 3295 847 3342 150
866 3293 932 3358 (τῶν
950 3294 979 3344 οἱ
994 3293 1059 3360 μέν)
1079 3296 1228 3360 comparari
1247 3300 1340 3360 potest.

319 3376 340 3445 Β)
360 3381 456 3429 mirum
478 3396 543 3430 sane
565 3380 633 3430 illud
652 3382 722 3431 ἅσσα
741 3381 847 3431 videtur
865 3383 942 3433 nobis
961 3384 1146 3447 reputantibus
1165 3398 1310 3448 pronomen
1332 3383 1406 3439 ὅστις
1424 3388 1529 3447 praeter
1546 3382 1619 3431 hunc

215 3465 303 3516 locum
321 3468 350 3516 in
367 3467 408 3516 Al.
428 3483 482 3517 non
500 3468 563 3533 legi,
582 3470 610 3517 iu
629 3468 706 3518 Ther.
727 3474 817 3519 autem
840 3471 888 3519 731
909 3474 937 3519 61
955 3470 1005 3519 763
1029 3471 1057 3519 11
1075 3471 1230 3519 universum
1249 3470 1350 3519 dictum
1369 3476 1474 3519 etcum
1493 3470 1618 3518 coniunc-

196 3582 199 3589 .
215 3556 270 3604 tivo
284 3559 464 3604 constructum
476 3556 600 3605 inveniri.
631 3556 735 3605 accedit
747 3556 818 3621 quod
829 3556 964 3607 Nicander
981 3557 1043 3607 illas
1056 3557 1337 3623 Alexipharmacorum
1355 3562 1452 3621 partes,
1470 3558 1567 3621 quibus
1585 3556 1618 3605 de

216 3642 340 3691 remediis
363 3642 457 3692 dandis
476 3643 559 3693 verba
583 3644 655 3703 facit,
679 3645 757 3693 certis
780 3643 938 3708 quibusdam
960 3644 1081 3694 formulis
1099 3645 1226 3695 incohare
1243 3644 1318 3707 solet,
1341 3644 1427 3693 veluti
1444 3648 1481 3710 τῷ
1500 3646 1560 3704 511,
1582 3645 1619 3708 τῷ

215 3727 249 3779 δέ
268 3730 325 3789 128,
338 3731 398 3793 347,
411 3731 470 3793 366,
484 3730 542 3790 385,
561 3733 619 3791 423,
637 3732 697 3795 546,
712 3733 769 3792 601,
789 3735 825 3797 τῷ
842 3732 897 3799 μέν
915 3747 943 3781 τε
963 3731 1007 3781 vel
1026 3733 1074 3783 τὸν
1091 3733 1145 3798 μέν
1163 3747 1192 3782 τε
1213 3733 1271 3793 162,
1289 3732 1347 3794 195,
1364 3733 1423 3791 298,
1440 3732 1500 3793 319,
1518 3733 1555 3796 τῷ
1573 3733 1622 3779 καί

215 3819 247 3865 43
267 3823 294 3866 61
312 3819 353 3881 87,
372 3820 409 3883 τῷ
427 3818 481 3884 μέν
499 3819 559 3881 483,
577 3818 626 3867 τὸν
642 3817 697 3880 μὲν
714 3821 763 3868 καί
777 3820 836 3882 224,
854 3819 924 3869 ἄλλά
942 3836 1004 3869 cum
1021 3821 1178 3885 pronomine
1195 3819 1229 3871 σό
1247 3820 1389 3869 coniuncto
1408 3821 1468 3879 260,
1486 3820 1546 3880 402,
1559 3817 1617 3879 527,

215 3905 273 3954 573.
309 3906 406 3968 quibus
424 3906 560 3971 perpensis
579 3906 689 3956 fortasse
707 3905 757 3955 hoc
776 3921 881 3971 quoque
900 3907 959 3957 loco
978 3906 1046 3956 ἀλλὰ
1065 3906 1287 3957 adscribendum
1306 3913 1352 3957 est.

317 3990 339 4056 ⁶)
359 3992 528 4056 quodetiam
547 3992 697 4043 Homericis
715 3994 743 4042 id
760 4009 844 4059 genus
863 3994 929 4044 locis
947 3994 1170 4059 deprehendimus
1188 3993 1206 4044 δ
1224 3997 1266 4055 97,
1286 4010 1297 4044 ε
1317 3996 1376 4057 481,
1395 4011 1417 4061 φ
1437 3995 1496 4043 303.

320 4076 340 4142 7)
360 4068 440 4135 οὗτος
458 4081 486 4128 11
505 4079 583 4130 Ther.
603 4085 683 4145 atque
701 4081 743 4130 Al.
762 4097 815 4131 non
834 4081 942 4146 legitur.

318 4165 339 4232 ⁸)
358 4167 411 4217 loci
424 4166 502 4217 Ther.
517 4168 566 4216 745
579 4166 661 4217 τόνδε
674 4166 794 4234 δαμάζει
806 4166 892 4225 6111ος
910 4175 937 4219 61
954 4169 995 4218 ΑΙ.
1008 4171 1058 4218 365
1078 4167 1159 4220 τόνδε
1177 4170 1297 4236 πνιχμὸς
1315 4166 1435 4235 δαμάζει
1452 4182 1513 4216 cum
1526 4166 1616 4216 verbis

214 4258 270 4303 tum
289 4269 320 4304 60
338 4256 408 4304 111161
426 4270 454 4304 se
472 4260 535 4304 sunt
552 4255 661 4316 similes,
681 4256 750 4320 quod
769 4253 850 4306 τόνδε
869 4256 903 4305 ad
922 4256 1056 4307 hominem
1075 4258 1192 4322 pertinet
1209 4272 1313 4307 veneno
1332 4255 1445 4320 quodam
1464 4254 1577 4303 laesum.

317 4340 338 4405 ⁰)
358 4342 391 4392 de
410 4344 487 4392 τοῖον
505 4358 565 4392 cum
584 4341 678 4394 δεινόν
697 4345 837 4393 coniuncto
856 4344 1258 4395 11116Α1161611611101111101611
1277 4344 1311 4393 ad
1329 4361 1348 4410 y
1366 4339 1425 4391 321.

308 4426 340 4495 ¹⁰)
360 4429 485 4479 hocloco
509 4436 536 4479 et
553 4430 631 4480 Ther.
651 4432 700 4481 785
719 4424 753 4493 οἷ,
772 4447 917 4496 pronomen
936 4432 976 4479 111
994 4446 1132 4497 personae,
1155 4437 1214 4496 post
1230 4434 1290 4495 τοίη
1313 4430 1367 4496 legi
1388 4428 1561 4479 memorabile
1578 4428 1617 4477 vi·

213 4515 298 4577 detur,
321 4518 476 4581 praesertim
500 4534 559 4567 cum
583 4518 695 4568 eandem
718 4523 875 4569 structuram
899 4521 953 4568 iam
975 4521 1145 4585 usurpaverit
1162 4519 1259 4569 Aratus
1277 4520 1341 4569 satis
1359 4518 1450 4567 multis
1468 4516 1545 4566 locis:
1574 4514 1616 4572 77,

214 4605 272 4665 143,
287 4606 343 4663 169,
359 4606 416 4666 194,
430 4607 489 4666 200,
502 4607 559 4655 326.
591 4607 714 4670 equibus
726 4611 834 4671 propter
845 4608 1014 4657 iterationem
1032 4608 1196 4673 pronominis
1208 4610 1282 4664 τοῖος
1294 4607 1358 4656 huic
1375 4606 1433 4656 loco
1447 4604 1537 4671 (Ther.
1552 4598 1613 4666 786)

213 4691 364 4741 simillimus
383 4697 423 4741 est
441 4709 465 4742 v.
485 4696 535 4743 200
553 4696 612 4757 τοίη
632 4694 659 4743 οἱ
675 4693 789 4760 κεφαλή,
808 4695 878 4745 τοῖοι
897 4692 930 4744 δέ
947 4694 975 4744 οἱ
992 4696 1195 4763 ἀμφοτέρωθεν
1212 4695 1216 4761 Ι
1233 4686 1313 4762 ὦμοι.
