3542 5059
743 489 867 592 Oaput
894 493 960 566 III.

206 673 267 742 De
296 672 441 742 codice
469 674 750 743 Laurentiano
777 674 981 742 XXVIIII
1007 678 1044 757 2,
1072 675 1146 757 qui
1172 675 1218 743 in
1245 675 1499 747 editionibus

603 796 746 864 littera
773 811 800 871 φ
827 796 1099 879 significatur.

253 998 292 1062 In
322 997 531 1082 praefatione,
563 1019 660 1082 quam
682 1019 747 1061 van
778 996 837 1059 der
859 996 946 1061 Vliet
975 996 1276 1082 Metamorphoseon
1308 999 1438 1063 editioni
1467 1022 1487 1062 a
1517 1021 1551 1063 se

151 1112 281 1166 curatae
308 1103 482 1187 praemisit,
512 1100 721 1165 contenderat
747 1101 834 1165 hunc
863 1102 1009 1165 codicem
1036 1102 1131 1189 plene
1159 1126 1178 1166 a
1206 1126 1241 1166 se
1269 1126 1443 1168 excussum
1470 1127 1550 1168 esse.

151 1217 291 1272 attamen
319 1209 379 1270 viri
410 1206 542 1292 quidam
576 1205 671 1291 docti,
703 1208 758 1291 qui
788 1205 935 1270 editionis
965 1206 1047 1270 illius
1078 1230 1247 1271 censuram
1278 1218 1424 1293 egerunt,
1454 1207 1553 1271 veluti

151 1311 189 1376 Ο.
211 1311 381 1376 Rossbach
389 1311 414 1397 ¹)
438 1319 469 1375 et
491 1312 536 1375 M.
557 1310 794 1397 Petschenig,²)
817 1310 1074 1375 observaverunt
1096 1334 1115 1373 a
1138 1335 1221 1377 novo
1246 1312 1368 1378 editore
1391 1313 1553 1376 interdum

151 1440 190 1480 ea
213 1439 296 1502 quae
319 1415 546 1502 Eyssenhardt
567 1417 600 1478 in
624 1415 762 1478 editione
787 1436 845 1478 sua
873 1413 913 1478 de
936 1414 1030 1478 huius
1053 1415 1125 1479 libri
1152 1419 1318 1502 scripturis
1342 1416 1553 1481 adnotaverat

152 1523 268 1585 omissa
292 1543 397 1606 neque
422 1520 462 1584 de
487 1522 602 1584 ceteris
625 1519 815 1583 lectionibus
838 1521 945 1583 omnia
969 1519 1069 1583 dubia
1091 1520 1218 1584 sublata
1240 1544 1320 1586 esse.
1360 1545 1435 1585 cum
1457 1523 1554 1606 igitur

151 1647 262 1690 mense
286 1626 464 1691 Novembri
487 1627 562 1690 anni
585 1625 757 1708 superioris
778 1623 962 1688 Florentiae
986 1647 1138 1708 morarer,
1162 1625 1282 1689 codicis
1304 1649 1329 1712 φ
1353 1626 1459 1691 denuo
1481 1648 1552 1690 con·

152 1729 277 1793 ferendi
301 1730 466 1794 consilium
495 1731 576 1815 cepi.
623 1751 661 1792 ac
685 1751 720 1792 re
747 1751 826 1793 vera
853 1731 963 1792 inveni
990 1729 1078 1793 haud
1105 1752 1211 1814 pauca
1237 1732 1269 1793 in
1298 1753 1383 1794 nova
1414 1731 1553 1795 editione

153 1836 269 1898 omissa
289 1834 340 1899 vel
362 1857 425 1898 non
448 1843 599 1898 accurate
624 1843 751 1899 enotata
775 1856 855 1897 esse.
891 1856 969 1897 sanc
993 1834 1154 1919 quaedam
1178 1857 1220 1898 ex
1243 1833 1292 1897 his
1315 1845 1371 1900 aut
1394 1834 1554 1920 supplevit

152 1949 207 2002 aut
229 1942 416 2003 retractavit
437 1963 501 2003 van
525 1937 583 2002 der
605 1938 692 2002 Vliet
714 1941 747 2002 in
770 1960 808 2001 ea
832 1940 1013 2023 scriptione,
1049 1961 1112 2024 qua
1136 1938 1175 2002 de
1200 1938 1312 2002 codice
1335 1941 1553 2005 Laurentiano

152 2044 299 2108 LXVIII
315 2045 335 2107 2
349 2044 465 2128 Apulei
481 2043 785 2128 Metamorphoseon
806 2042 981 2128 disputavit
997 2043 1153 2107 Mnemos.
1170 2043 1232 2108 vol.
1248 2043 1348 2108 XXV
1367 2067 1397 2130 p.
1412 2043 1474 2108 386
1483 2067 1552 2130 sqq.

152 2147 211 2211 sed
235 2171 308 2212 cum
330 2172 370 2212 ne
391 2151 437 2212 sic
458 2147 588 2234 quidem
609 2150 715 2211 omnia
736 2147 895 2211 exhausta
916 2170 986 2211 esse
1007 2147 1170 2231 vidissem,
1193 2171 1257 2213 non
1277 2148 1387 2213 inutile
1408 2171 1478 2212 esse
1498 2172 1554 2235 pu-

153 2256 218 2316 tavi
242 2276 280 2316 ea
304 2275 387 2338 quae
410 2255 595 2317 etiamnunc
619 2251 781 2337 explenda
804 2263 879 2316 sunt
897 2251 950 2317 vel
974 2252 1165 2337 conigenda
1187 2252 1248 2317 hoc
1271 2253 1341 2317 loco
1364 2243 1552 2340 proponere.

256 2356 293 2420 P.
310 2357 340 2441 2,
360 2358 399 2421 13
429 2356 492 2443 (ed.
519 2379 546 2421 o.
572 2357 603 2421 d.
633 2357 700 2443 Vl.)
732 2357 934 2441 disceterem,
965 2356 1020 2445 sed
1051 2355 1181 2419 litterae
1211 2381 1228 2421 0
1254 2368 1354 2443 parte
1383 2358 1554 2442 superiore

154 2481 252 2522 erasa
271 2460 276 2544 Ι
298 2462 336 2525 17
360 2462 555 2527 ientaculum
578 2463 617 2548 φῙ
641 2472 670 2524 et
692 2461 729 2524 tn
751 2484 864 2547 uturp,
888 2460 1123 2547 of.15,5127
1147 2461 1333 2548 lenigauit³)
1353 2461 1358 2548 Ι

257 2564 322 2647 3,1
349 2579 376 2648 e,
399 2565 456 2627 sed
470 2564 548 2650 fnit
571 2567 598 2628 ds
622 2565 626 2651 Ι
652 2567 734 2651 siqui
759 2566 763 2649 Ι
788 2565 808 2629 3
832 2567 982 2650 expirare
1008 2566 1012 2650 Ι
1038 2565 1078 2628 15
1102 2565 1221 2629 efulam
1243 2568 1283 2652 φῙ
1307 2566 1312 2652 Ι
1337 2565 1459 2631 emulos
1483 2569 1488 2640 Ι
1514 2567 1554 2630 16

152 2667 315 2752 gluttinosi
335 2668 340 2754 Ι
359 2668 403 2734 20
425 2673 535 2734 minat.
559 2680 572 2734 t
593 2671 629 2733 in
653 2693 720 2733 ras.
738 2672 759 2733 2
776 2670 837 2732 tiu.
859 2669 863 2755 Ι
884 2669 925 2732 27
949 2669 1159 2734 admiratione
1182 2670 1222 2757 φἱξ
1242 2670 1246 2755 Ι

256 2772 325 2856 4,2
348 2774 384 2835 in
406 2797 464 2859 rap.
489 2783 518 2839 o⁶
540 2797 665 2839 merces
689 2775 836 2859 deposita
856 2774 860 2860 Ι
881 2775 923 2836 22
945 2774 1097 2860 paliastro
1117 2774 1121 2860 Ι

257 2876 322 2960 5,1
348 2878 458 2942 emin
482 2901 548 2943 ras.
577 2884 581 2963 Ι
607 2879 629 2942 4
651 2879 865 2964 prouinciales
893 2878 897 2964 Ι
927 2878 967 2940 14
989 2877 1172 2942 renudaret.
1197 2879 1285 2940 inter
1312 2902 1328 2941 e
1356 2888 1385 2941 et
1412 2902 1433 2941 n
1456 2900 1552 2939 erasa

155 2989 200 3041 est
223 2979 285 3044 litt.
310 2981 368 3068 dl

259 3086 324 3170 6,1
348 3087 552 3172 famigerabil
575 3089 596 3153 i.
615 3111 639 3184 e.
664 3087 893 3173 famigerabilis
914 3085 918 3170 Ι
939 3086 959 3148 2
983 3097 1016 3151 ut
1040 3089 1101 3150 scis
1125 3087 1160 3149 ia
1184 3109 1286 3172 many.
1308 3086 1312 3172 Ι
1339 3088 1380 3150 10
1402 3086 1552 3149 diuturne

154 3200 204 3285 pl,
228 3199 350 3264 diutine
373 3201 413 3286 φ2
433 3201 437 3285 Ι
460 3201 499 3264 12
522 3198 596 3287 que'
619 3186 636 3264 e
659 3204 685 3265 is
706 3203 710 3286 Ι
731 3201 773 3264 23
795 3222 970 3264 ueneream
991 3199 995 3284 Ι

260 3304 326 3388 t,3
347 3304 457 3389 liugua
479 3307 520 3391 φ1
540 3311 543 3382 Ι
565 3306 582 3368 7
607 3305 706 3370 diuini
727 3304 731 3391 Ι
751 3305 791 3367 21
816 3305 998 3389 repeisione
1021 3306 1060 3390 φ1
1081 3303 1086 3387 Ι

259 3407 322 3486 8,1
349 3407 469 3474 obseno
493 3411 532 3496 φῙ
554 3411 694 3475 obsceno
717 3410 757 3496 φ2
777 3409 781 3495 Ι
823 3409 843 3472 6
865 3408 1068 3494 pindignatio
1089 3407 1093 3492 Ι
1116 3408 1155 3470 16
1179 3411 1341 3494 quiuerint
1360 3408 1365 3493 Ι

261 3538 348 3622 roe
372 3540 531 3604 euenum
551 3539 555 3626 Ι
577 3540 618 3604 aa
640 3497 722 3605 unii
746 3591 752 3604 .
777 3539 798 3603 li
822 3539 899 3602 aaa.
916 3562 955 3600 m.
973 3560 1001 3602 r.
1023 3537 1027 3623 Ι

262 3644 311 3727 11,
330 3643 370 3707 10
392 3667 415 3730 p
432 3645 548 3709 uulnus
566 3697 572 3708 .
588 3667 611 3730 p
628 3654 805 3706 correctum
825 3665 864 3705 eoo
878 3666 937 3728 pro
957 3643 962 3728 Ι
982 3645 1149 3727 spongiam
1170 3643 1174 3726 Ι
1198 3642 1237 3705 12
1260 3641 1528 3725 αὺθιιηῌθιηοω
1546 3695 1552 3707 .

154 3756 168 3812 t
197 3769 267 3810 cum
297 3771 313 3812 1·
344 3747 433 3812 linea
460 3750 631 3813 coniunaeit
660 3771 699 3814 m.
723 3772 750 3811 r.
779 3751 782 3832 Ι
814 3749 853 3811 14
881 3757 1082 3813 exacuerant
1113 3799 1119 3811 .
1148 3769 1244 3810 eraso
1272 3757 1318 3809 cst
1346 3746 1409 3812 litt.
1432 3748 1453 3811 h
1480 3747 1484 3832 Ι
1515 3748 1553 3811 18

157 3851 325 3939 esuum
1088 3913 1097 3944 2

261 3957 347 4041 12,6
379 3958 569 4023 anteluculo.
593 3957 671 4043 fuit
701 3957 886 4022 anteludulo
914 3957 918 4041 Ι
948 3955 984 4019 ll
1017 3979 1110 4041 capu.
1143 3954 1272 4018 litterae
1302 3979 1322 4019 a
1344 3977 1366 4040 p
1389 3979 1410 4018 u
1440 3955 1555 4040 refecit

156 4071 333 4125 atramento
360 4064 507 4149 nipriore
534 4087 573 4128 m.
598 4085 637 4145 r.,
666 4063 773 4125 eadam
803 4062 855 4146 (ut
877 4061 1024 4147 videtur)
1048 4083 1129 4146 quaa
1153 4060 1216 4124 litt.
1240 4069 1253 4124 t
1276 4061 1421 4144 scripsit.
1449 4083 1554 4144 supra

157 4166 219 4229 litt.
244 4192 264 4232 a
287 4167 409 4231 lineola
432 4191 527 4232 erosa
550 4179 603 4231 est.
625 4168 629 4253 Ι
650 4169 689 4231 21
714 4167 756 4230 ad
779 4167 893 4231 decem
916 4167 956 4252 gol
979 4164 1067 4248 advo
1091 4188 1180 4229 ecem
1204 4166 1245 4252 φ’
1265 4165 1269 4251 Ι

261 4357 281 4424 ¹)
300 4360 435 4410 Deutsohe
453 4361 645 4426 Litt-Zeitung
664 4362 740 4423 1897,
758 4377 783 4424 p.
798 4360 856 4412 570.

259 4445 281 4513 Ἰ
301 4449 371 4501 Borl.
385 4449 450 4514 phil.
465 4448 557 4498 Wooh.
572 4450 647 4511 1897,
667 4465 692 4513 p.
706 4449 764 4496 986.

260 4533 282 4601 ³)
301 4537 362 4585 haec
380 4555 436 4586 oar.
454 4539 507 4586 leot.
526 4540 558 4585 ob
577 4536 650 4602 Epor.
668 4534 785 4584 indicato
807 4537 839 4582 ab
857 4549 880 4582 u.
900 4532 926 4582 ol.
952 4533 991 4582 Vl.
1010 4534 1120 4596 naplerta
1142 4538 1178 4580 art
1199 4535 1302 4594 τηενὶεο,
1323 4550 1384 4581 nom
1407 4534 1423 4583 b
1446 4539 1469 4582 et
1491 4535 1556 4581 uin

156 4624 202 4673 hoo
224 4623 277 4673 cod.
301 4631 444 4674 scrutanter
466 4624 667 4688 oooafunduutur,
690 4624 723 4686 cf.
737 4639 776 4672 eto.
787 4639 827 4686 pr.
846 4622 870 4679 3,
883 4623 917 4668 24
939 4619 1088 4685 inglubiem
1112 4617 1159 4686 φὶ,
1188 4620 1257 4682 11,6
1284 4621 1482 4670 contuuernalis
1508 4618 1556 4686 φὴ

156 4714 198 4776 20,
212 4713 253 4760 22.
274 4713 344 4773 26,5
362 4712 484 4777 fribolos3
503 4714 572 4771 25,9
591 4711 745 4773 saner-rim03
766 4711 807 4772 29,
822 4709 854 4756 15
872 4709 1007 4772 qnambis;
1027 4710 1068 4767 29,
1082 4709 1114 4756 22
1133 4707 1314 4772 conglouatos.

209 4804 373 4846 Dissertationes
387 4805 463 4856 philol.
474 4805 563 4847 vindob.
573 4805 608 4846 Vl.
1369 4797 1399 4844 12
