3542 5059
809 1056 935 1160 Oaput
953 1059 982 1134 Ι.

292 1295 354 1365 De
377 1293 561 1376 Apuleio
588 1293 775 1364 studioso
802 1295 1024 1376 poetarum
1051 1277 1299 1366 Latinorum
1326 1294 1498 1366 lectore.

298 1537 364 1640 De
380 1573 498 1660 Apulei
521 1573 698 1639 elocutione
713 1575 803 1639 varie
818 1572 1044 1639 iudicaverunt
1058 1574 1119 1638 viri
1142 1573 1227 1639 docti
1250 1573 1392 1640 necdum
1414 1597 1501 1640 nunc
1523 1597 1599 1662 quo-

193 1700 256 1765 que
280 1699 390 1743 omnes
413 1681 615 1744 consentiunt
636 1681 669 1744 in
691 1701 811 1766 genere
834 1681 990 1744 sermonis
1010 1680 1078 1743 eius
1101 1676 1294 1744 definiendo.
1332 1702 1407 1744 nam
1428 1702 1502 1745 cum
1521 1681 1598 1744 anti-

192 1785 320 1870 quiores
339 1783 408 1850 fere
428 1786 630 1870 putavissent
649 1786 876 1870 proprietatem
895 1785 1051 1848 sermonis
1072 1785 1140 1848 eius
1159 1785 1192 1848 in
1212 1787 1405 1871 scriptorum
1419 1787 1599 1871 priscorum

192 1897 289 1976 atque
304 1891 338 1954 in
353 1890 463 1976 primis
477 1889 584 1954 Plauti
598 1890 773 1954 imitatione
787 1890 882 1954 sitam
898 1911 979 1972 esse,
999 1890 1196 1953 recentiores
1212 1887 1265 1952 alii
1280 1910 1364 1953 novo
1379 1889 1538 1956 vocabulo
1553 1892 1598 1955 in·

193 2002 288 2059 vento
303 1992 506 2058 Africitatem
522 1991 686 2080 quandam
701 1992 846 2077 subesse,
869 1991 923 2057 alii
946 1993 1101 2056 sermonis
1115 1990 1260 2078 vulgaris
1284 2001 1316 2058 et
1331 1992 1482 2059 cotidiani
1505 2017 1599 2060 usmn

192 2097 435 2186 agnoscendum
465 2120 536 2163 esse
567 2099 842 2163 existimaverunt.
889 2096 931 2162 de
961 2096 1078 2183 quibus
1108 2097 1208 2161 rebus
1235 2119 1309 2162 cum
1337 2120 1442 2184 nuper
1468 2103 1598 2188 egregie

193 2201 232 2268 Gr.
256 2201 381 2290 Kroll1)
412 2203 632 2292 disputaverit,
663 2203 756 2289 plura
777 2202 881 2268 verba
911 2201 988 2267 mihi
1015 2199 1166 2266 facienda
1194 2223 1258 2266 non
1286 2211 1369 2268 sunt.
1415 2203 1473 2268 sed
1500 2228 1598 2271 unam

191 2329 261 2373 rem
290 2306 398 2373 adhuc
428 2329 560 2394 prorsus
587 2307 770 2394 neglectam
797 2328 868 2372 esse
895 2314 987 2393 puto:
1017 2328 1112 2371 nemo
1140 2307 1236 2388 enim,
1260 2306 1347 2392 quod
1370 2322 1430 2393 ego
1453 2311 1530 2393 scio,
1552 2311 1596 2374 in-

191 2414 330 2498 quisivit,
354 2403 512 2499 quatenus
535 2434 640 2478 sermo
663 2411 782 2499 Apulei
803 2411 963 2499 penderet
985 2434 1005 2475 a
1028 2413 1131 2498 poetis
1153 2412 1266 2476 aetatis
1289 2410 1477 2496 Augusteae
1500 2423 1597 2500 atque

190 2519 223 2582 in
243 2518 354 2603 primis
374 2541 394 2582 a
409 2517 552 2602 Vergilio
576 2526 608 2582 et
624 2517 750 2584 Ovidio.
789 2518 908 2581 etenim
931 2517 1104 2602 scriptores
1125 2515 1201 2580 inde
1224 2539 1244 2580 a
1260 2515 1371 2581 Tacito
1394 2517 1463 2582 fere
1486 2540 1603 2584 omnes.

189 2620 290 2686 multa
323 2645 366 2688 ex
398 2621 448 2687 his
483 2621 629 2687 hausisse
660 2623 880 2708 sermonisque
911 2631 1100 2686 ornamenta
1130 2622 1259 2706 petiisse
1290 2621 1455 2709 constat.²)
1500 2632 1597 2709 atque

190 2728 255 2792 iam
281 2727 408 2814 pridem
430 2725 681 2813 Oudendorpius
708 2723 1005 2812 pronuntiaverat³)
1029 2723 1203 2812 Apuleium
1229 2724 1306 2791 nihil
1333 2728 1501 2812 scripsisse
1527 2729 1597 2793 sine

192 2830 356 2917 exemplo;
385 2853 479 2897 nemo
502 2840 610 2896 autem
634 2852 755 2915 eorum,
779 2833 833 2917 qui
856 2828 898 2894 de
921 2828 1040 2918 Apulei
1063 2851 1210 2895 sermone
1235 2832 1441 2916 scripserunt,
1464 2853 1597 2920 operam

192 2932 290 3017 dedit,
313 2946 348 3001 ut
370 2935 451 3000 haec
475 2935 625 3022 exempla
646 2937 855 3020 investigaret
877 2944 910 2999 et
932 2934 992 3000 sub
1015 2955 1080 2999 uno
1101 2943 1276 3020 conspectu
1299 2946 1514 3021 componeret,
1538 2936 1597 3002 sed

190 3050 316 3106 tantum
340 3039 544 3106 collectiones
567 3040 766 3128 singulorum
785 3039 1017 3106 vocabulorum
1038 3040 1252 3123 instituerunt,
1276 3061 1360 3126 quae
1382 3039 1555 3126 Apuleium
1579 3063 1597 3105 e

190 3147 305 3212 Plauto
328 3145 433 3210 aliove
455 3156 551 3232 poeta
573 3145 790 3231 desumpsisse
813 3146 961 3210 arbitrati
983 3153 1066 3210 sunt.
1112 3142 1170 3208 sed
1192 3143 1366 3230 Apuleium
1393 3154 1522 3231 poetam
1544 3145 1597 3210 ali·

191 3273 287 3338 quem
314 3249 399 3316 bene
426 3253 553 3316 novisse
582 3260 614 3316 et
639 3253 797 3316 imitatum
826 3271 898 3315 esse
924 3271 989 3315 non
1015 3248 1172 3336 probatur
1198 3250 1259 3314 nisi
1285 3252 1357 3314 totis
1384 3250 1597 3317 locutionibus

191 3355 334 3443 locisque
357 3355 512 3421 similibus
536 3358 730 3443 comparatis
753 3357 840 3421 etin
863 3378 965 3420 unum
988 3376 1104 3440 corpus
1127 3353 1276 3419 redactis.
1321 3377 1362 3419 ac
1384 3355 1520 3420 fortasse
1543 3356 1596 3420 de-

64 3533 68 3541 ,
190 3463 304 3526 terruit
336 3460 493 3547 quosdam
526 3460 568 3525 ab
602 3460 831 3526 imitationibus
864 3470 1032 3546 poetarum
1065 3462 1099 3524 in
1124 3458 1244 3544 Apulei
1277 3457 1366 3523 libris
1397 3461 1597 3546 inquirendis

191 3565 443 3632 Kretschmanni
469 3564 633 3650 iudicium,
661 3568 715 3651 qui
743 3564 900 3652 opusculi,
928 3563 1014 3650 quod
1041 3563 1083 3628 de
1110 3562 1228 3649 Apulei
1255 3563 1432 3628 elocutione
1460 3568 1596 3652 scripsit,

191 3670 280 3756 pil
304 3669 386 3735 haec
410 3671 505 3736 dixit:
529 3663 682 3757 ‘singulas
703 3670 880 3735 locutiones
902 3671 1046 3755 poeticas
1072 3667 1115 3732 ad
1138 3678 1262 3734 certum
1290 3669 1459 3734 cuiusdam
1480 3679 1596 3756 poetae

190 3775 297 3840 locum
315 3776 440 3841 :referre
463 3797 528 3842 non
551 3797 668 3861 operae
691 3785 740 3841 est
760 3777 909 3862 pretium.
955 3783 1030 3838 sunt
1050 3775 1135 3838 enim
1156 3796 1199 3838 ex
1219 3775 1382 3860 scriptoris
1400 3775 1596 3861 linguaeque

189 3878 297 3946 indole
316 3881 494 3967 profectae,
519 3902 584 3946 non
606 3903 649 3945 ex
670 3889 838 3967 poetarum
853 3879 997 3944 lectione
1024 3878 1251 3961 conformatae,
1280 3878 1378 3965 idque
1400 3879 1477 3944 inde
1500 3882 1597 3944 etiam

190 3985 313 4070 patefit,
337 3984 423 4071 quod
445 3985 590 4071 profecto
613 4007 677 4050 non
700 3986 803 4070 potuit
825 3985 943 4048 imitari
957 3981 1173 4048 Claudianum
1188 3982 1285 4068 Rapt.
1301 3983 1391 4049 Pros.
1408 3983 1441 4048 ΙΙ
1456 3983 1499 4048 25
1521 3994 1597 4047 anta

189 4111 287 4176 penae
322 4087 431 4153 dulces
466 4111 562 4176 quam
587 4087 652 4174 flos
685 4087 841 4152 iuvenilia
876 4086 1053 4171 inumbret,
1088 4109 1163 4152 oum
1193 4085 1351 4153 scriberet
1378 4089 1457 4154 Met.
1477 4089 1510 4154 V
1532 4089 1596 4153 335

191 4191 335 4258 iuvenem
355 4244 363 4259 .
381 4240 413 4257 ..
436 4192 578 4258 barbitio
596 4215 694 4280 paona
714 4187 975 4257 inumbrantem'.
1015 4191 1073 4258 sed
1092 4191 1174 4257 haec
1194 4192 1246 4257 ille
1266 4195 1344 4258 satis
1363 4195 1482 4280 inepte.
1521 4216 1596 4259 nam

187 4299 332 4384 primum
347 4299 490 4364 omnium
499 4298 594 4364 locus
613 4297 656 4364 ab
673 4320 711 4363 eo
731 4297 892 4364 indicatus
912 4318 976 4364 non
995 4295 1153 4382 estRapt.
1169 4296 1259 4362 Prns.
1274 4296 1378 4382 1125,
1398 4297 1457 4364 sed
1471 4299 1595 4386 Paneg.

297 4507 318 4574 ²)
336 4511 405 4563 Mra.
417 4509 502 4562 Rben.
511 4509 566 4560 nu
584 4510 635 4560 tw
647 4525 704 4576 sqq.

295 4593 319 4662 ¹)
337 4597 371 4648 cf.
390 4612 459 4664 quae
476 4597 555 4649 stete}
573 4599 698 4663 exposuit
714 4598 791 4649 Burs.
808 4598 878 4649 Anu.
889 4596 1008 4649 LXVIII
1025 4598 1086 4648 236.

295 4681 319 4754 ⁸)
335 4684 371 4736 ad
389 4685 454 4738 mat.
467 4683 521 4736 1111
539 4701 565 4751 p.
578 4685 638 4734 24⁶.
