3542 5059
1514 171 1557 237 45

158 365 190 421 et
209 356 272 421 903
295 364 423 444 poetam
442 364 481 446 ῥά
505 362 718 427 coniunctioni
739 362 859 429 causali
882 359 954 429 ἐπεί
964 363 990 450 1)
1018 368 1103 451 (post
1122 361 1290 429 caesuram
1310 364 1519 450 trochaicam)
1530 363 1556 446 8)

157 462 353 529 adiunxisse.

261 569 457 635 Particulam
484 568 546 655 οὖν,
580 572 622 636 ad
652 595 750 658 quam
780 576 844 638 iam
870 576 1052 657 transimus,
1085 574 1136 639 Al.
1157 573 1217 637 561
1252 575 1382 660 (σαρκός
1409 577 1467 660 γὰρ
1498 567 1557 639 ἀπ’

156 668 248 759 οὖνῧ)
275 676 428 761 νόσφισσε
456 675 592 763 χέλειον)
620 699 663 740 ex
689 677 778 742 libris
806 680 944 743 restituit
969 677 1009 743 A.
1031 678 1184 742 Meineke
1208 678 1302 743 Anal.
1324 678 1419 743 Alex.
1439 702 1471 765 p.
1492 677 1557 743 232

156 776 244 861 adn,
268 800 365 864 quam
389 782 580 866 scripturam
602 781 706 846 Lehrs
730 793 827 868 atque
851 782 889 847 Ο.
907 782 1087 848 Schneider
1109 792 1310 867 receperunt.
1357 783 1414 847 sed
1441 785 1557 847 mirum

157 905 236 947 sene
260 893 309 947 est
330 880 384 949 οάν
407 895 536 971 praeter
558 885 645 950 hune
667 886 772 951 locum
795 890 828 951 in
850 888 1007 952 Nicandri
1035 887 1231 951 carminibus
1259 909 1322 951 non
1348 887 1423 973 legi.
1469 897 1556 951 certe

158 988 244 1074 quod
261 993 298 1052 Π
325 989 457 1054 exhibet
483 993 589 1057 ἀποῢν
616 993 771 1078 νόσφιοσε
803 1015 846 1055 ex
869 993 1028 1078 scriptura
1058 994 1124 1057 ἀπὸ
1154 993 1309 1079 νόσφιοσε
1330 990 1385 1055 vel
1410 993 1477 1058 ἀπο
1505 993 1557 1056 νό-

157 1090 308 1180 σφισσε4)
325 1096 399 1158 oriri
414 1098 525 1179 potuit,
549 1118 632 1182 quae
653 1096 756 1160 vocali
772 1120 790 1162 ο
805 1107 879 1162 ante
899 1095 1054 1183 liquidam
1070 1123 1088 1162 ν
1107 1096 1264 1182 producta
1287 1118 1350 1160 non
1372 1095 1471 1160 habet
1493 1118 1556 1181 quo

157 1197 347 1282 offendaris3
375 1199 532 1264 eiusdem*
546 1204 674 1286 generis
702 1202 945 1287 productionem
968 1211 1055 1266 certe
1082 1204 1114 1265 in
1138 1200 1254 1264 eadem
1275 1222 1388 1265 versus
1411 1200 1489 1264 sede
1513 1202 1556 1264 in-

156 1304 304 1368 venimus
326 1308 362 1369 K
382 1304 446 1369 572
469 1304 559 1371 αὐτοὶ
583 1302 612 1372 δ’
628 1300 706 1394 ἱδρῶ
730 1306 852 1373 πολλόν
874 1304 1064 1385 ἀπενίζοντο
1087 1307 1249 1394 θαλάσσῃ.

260 1408 336 1473 Una
366 1420 465 1475 restat
494 1412 651 1498 particula
682 1435 785 1499 eaque
816 1412 970 1492 enclitica,
1005 1412 1037 1474 in
1068 1433 1132 1496 qua
1161 1412 1227 1473 vim
1257 1408 1493 1474 adfirmativam
1526 1418 1557 1473 et

158 1516 379 1578 concessivam
401 1517 506 1580 inesse
531 1526 664 1601 constat,
693 1517 765 1581 dico
792 1515 861 1601 πέρ.
910 1517 1097 1580 concessiva
1124 1518 1251 1579 notione
1278 1516 1469 1578 instructum
1495 1512 1557 1600 πέρ

155 1616 369 1710 paucis-loeis
391 1622 562 1705 invenitur,
588 1622 704 1708 quibus
724 1623 899 1707 participiis
918 1620 971 1684 vel
992 1621 1160 1685 adiectivis
1182 1619 1369 1683 adiunctum
1392 1618 1555 1683 videmus:

156 1721 253 1787 Ther.
270 1722 345 1786 395·
358 1721 426 1790 οὐδ’
445 1728 512 1791 ἀπδ
535 1724 633 1812 δίψος
655 1726 799 1804 ἀλέξεται
828 1720 934 1811 ἱεμένη
957 1724 1057 1811 περ,5)
1085 1724 1150 1787 474
1177 1728 1218 1809 μή
1241 1723 1280 1789 σύ
1314 1746 1348 1809 γε
1375 1721 1558 1808 θαρσαλέος

154 1850 217 1912 περ
227 1826 253 1913 6)
280 1828 342 1893 έὼν
368 1827 445 1894 θέλε
472 1834 608 1916 βήμεναι
635 1831 738 1918 ἀντήν,
766 1831 818 1896 Al.
836 1831 898 1894 361
926 1832 959 1909 ἐς
986 1826 1015 1896 δ’
1035 1826 1148 1914 ἔμετον
1170 1833 1280 1912 βιάοιο
1306 1826 1361 1893 καὶ
1388 1833 1425 1894 ot
1447 1825 1556 1893 ποθέ-

155 1935 233 1996 οντά
261 1956 322 2018 περ
350 1928 463 2019 έμπής,
492 1935 570 1999 560·
600 1936 778 2023 αάδήεοσαν
806 1931 922 2023 έθηκεν
949 1935 1125 2021 ἀναόδήτόν
1150 1957 1212 2019 περ
1234 1932 1387 2019 ἔοῦσανλ)
1432 1932 1491 1996 sed
1515 1932 1556 1995 de

157 2034 283 2101 duobus
312 2037 390 2101 locis
421 2039 517 2103 Ther.
541 2038 605 2104 483
615 2038 641 2126 ⁸)
672 2048 703 2104 et
733 2040 784 2105 Al.
808 2039 905 2126 291⁹)
936 2039 1075 2103 dubitari
1106 2047 1218 2123 potest,
1246 2047 1318 2101 utra
1345 2039 1430 2101 notio
1460 2045 1555 2101 statu-

156 2139 241 2205 enda
265 2144 314 2206 sit.
359 2152 393 2207 at
416 2153 502 2208 certe
526 2146 667 2230 genuina
689 2147 749 2229 vie,
775 2168 873 2231 quam
895 2146 1069 2230 prementis
1092 2142 1355 2228 adfirmantisque
1377 2141 1556 2226 particulae

153 2336 363 2346 ———.

261 2457 282 2525 1)
301 2460 334 2510 de
357 2477 409 2525 quo
432 2478 483 2511 usu
506 2462 538 2512 cf.
559 2462 681 2529 Krueger
699 2463 741 2511 Di.
762 2464 832 2525 §dit
852 2463 876 2525 9,
894 2462 919 2522 5,
946 2460 1074 2510 Kuehner
1097 2460 1124 2509 ΙΙ
1148 2461 1197 2508 727
1215 2475 1238 2522 c,
1266 2460 1312 2522 qui
1334 2457 1459 2508 adferunt
1484 2457 1556 2507 locos

154 2545 312 2597 Homericos
324 2552 352 2598 A
364 2549 424 2612 458,
437 2551 462 2599 Δ
474 2552 533 2610 476,
547 2553 577 2599 Λ
590 2552 649 2611 225,
662 2552 722 2616 498,
736 2552 794 2613 641,
807 2553 837 2600 Ν
845 2551 905 2611 416,
919 2566 935 2598 α
950 2550 1009 2608 263,
1022 2565 1038 2616 ρ
1052 2549 1093 2611 85,
1109 2547 1166 2608 178,
1184 2546 1277 2596 Rhode
1295 2563 1320 2612 p.
1334 2549 1376 2596 25.
1397 2545 1465 2595 adde
1483 2544 1556 2594 locos

157 2633 180 2683 Θ
194 2634 255 2697 269,
275 2634 302 2683 Ω
315 2636 402 2703 288,ρ
417 2638 465 2685 185
485 2634 556 2702 (ἐπεὶ
574 2637 628 2706 ἄρ),
647 2642 675 2688 Α
689 2640 721 2687 56
741 2636 795 2703 (ότι
813 2636 866 2705 ῥα),
886 2642 919 2687 H
931 2638 989 2699 140,
1001 2639 1032 2685 Λ
1046 2636 1077 2684 79
1098 2631 1196 2700 (οὕνεκ’
1210 2631 1282 2702 ἀρα).

260 2716 281 2785 ’)
301 2720 393 2771 eodem
412 2722 471 2772 loco
489 2723 589 2789 legitur
606 2725 679 2790 apud
696 2725 843 2775 Homerum
861 2721 925 2774 ἐπεί
939 2722 974 2791 ῥα
986 2726 1017 2772 Λ
1029 2724 1089 2783 641,
1102 2725 1131 2772 Ν
1139 2723 1199 2771 416.

258 2804 281 2873 ⁸)
301 2807 333 2858 de
352 2809 405 2877 γάρ
424 2800 474 2861 οὗν
494 2808 583 2877 (deun
591 2812 745 2877 jedenfalls‚
764 2811 834 2863 deun
848 2806 963 2877 gewiss')
982 2810 1015 2859 cf.
1027 2809 1099 2859 locos
1116 2812 1142 2858 B
1154 2810 1213 2869 350,
1226 2812 1254 2858 A
1273 2809 1331 2868 754,
1352 2808 1446 2868 0292,
1462 2810 1480 2869 β
1498 2808 1557 2870 123,

154 2892 253 2944 deinde
271 2894 347 2947 Arati
364 2914 407 2947 vv.
426 2900 485 2962 334,
504 2900 563 2961 771,
586 2900 682 2964 quibus
707 2900 758 2951 hae
781 2899 895 2950 voculae
912 2898 1003 2949 statim
1021 2898 1091 2947 inter
1108 2912 1136 2947 se
1155 2896 1304 2961 excipiunt3
1326 2895 1360 2944 cf.
1373 2895 1495 2959 Krueger
1512 2895 1556 2944 Di.

155 2982 171 3042 ξ
184 2983 227 3042 69,
241 2985 283 3042 62,
297 2986 321 3045 2,
339 2985 469 3035 Kuehner
487 2987 514 3036 11
533 2989 583 3037 710
596 2988 622 3038 b.

259 3076 282 3144 ⁴)
301 3079 356 3131 ἀπό
374 3087 422 3131 aut
439 3081 596 3132 adverbium
615 3098 672 3133 esse
690 3088 778 3149 potest
789 3082 823 3133 ad
836 3082 972 3149 νόσφισσε
990 3078 1159 3131 referendum
1178 3081 1225 3127 aut
1239 3078 1400 3142 praepositio
1413 3077 1447 3126 ad
1459 3076 1557 3144 σαρκός

154 3164 227 3228 quod
246 3168 381 3231 praecedit
399 3174 530 3233 spectans,
550 3186 610 3219 cum
628 3170 762 3238 νόσφισσε
781 3174 871 3220 autem
891 3169 1018 3234 coniungi
1037 3167 1138 3231 nequit,
1162 3180 1230 3230 quae
1253 3180 1294 3214 res
1317 3180 1348 3213 eo
1371 3165 1557 3229 comprobatur

153 3252 226 3315 quod
243 3254 379 3305 Nicander
397 3256 535 3306 Homerici
554 3258 696 3325 ἀπονόσφι
714 3257 772 3307 loco
791 3257 895 3324 νόσφιν
913 3256 968 3306 ἀπό
987 3254 1128 3320 usurpavit
1145 3253 1223 3302 Ther.
1237 3254 1296 3301 375.

259 3339 282 3405 ⁶)
301 3342 334 3391 cf.
347 3360 364 3393 α
378 3346 393 3393 6
412 3339 471 3393 ἀλλ’
483 3341 544 3393 οὐδ’
558 3335 593 3401 ὧς
610 3342 724 3413 ἑτάρους
743 3342 876 3414 ἐρρύσατο
896 3342 1005 3410 ἱέμενός
1022 3359 1081 3410 περ.

260 3426 282 3493 ⁰)
301 3429 333 3478 cf.
356 3429 444 3480 locum
471 3431 637 3482 simillimum
665 3433 687 3483 0
707 3435 757 3482 164
780 3431 820 3498 μή
842 3427 873 3497 μ’
891 3430 956 3481 οὐδὲ
979 3428 1108 3497 κρατερός
1130 3444 1181 3494 περ
1204 3426 1257 3477 ἐὼν
1278 3426 1391 3477 ἐπιόντα
1409 3426 1530 3495 ταλάσσῃ
1550 3422 1554 3493 Ι

153 3516 258 3580 μεῖναι.
282 3515 731 3582 videquaeKuehner11731,3
756 3520 914 3586 disputavit:
938 3514 994 3568 ‘Ost
1015 3518 1079 3566 aber
1101 3516 1168 3580 folgt
1190 3515 1236 3564 das
1259 3515 1386 3578 Particip,
1413 3512 1556 3563 besonders

155 3598 216 3663 ἐών,
235 3603 313 3665 nach,
332 3605 385 3653 und
404 3607 455 3674 πέρ
473 3607 549 3657 lehnt
565 3607 622 3657 sich
638 3624 673 3657 au
691 3607 737 3657 das
749 3606 1003 3657 hervorzuhebende
1016 3605 1092 3653 Wort
1107 3618 1154 3653 an:
1173 3607 1199 3653 E
1211 3605 1253 3663 94,
1264 3606 1292 3652 A
1305 3602 1364 3664 546,
1377 3600 1437 3661 587,
1453 3596 1556 3650 01643

154 3689 278 3755 Krueger
296 3688 349 3756 (Di.
370 3694 385 3754 ξ
399 3695 440 3755 69,
454 3696 496 3755 67,
508 3693 536 3758 4)
554 3699 693 3761 praeterea
710 3695 782 3745 locos
801 3711 823 3762 φ
838 3696 887 3744 103
907 3699 935 3743 et
949 3697 975 3743 T
985 3694 1018 3742 82
1036 3690 1141 3741 adtulit.

260 3784 281 3853 ⁷)
301 3788 333 3837 cf.
350 3791 434 3839 Τ407
454 3788 590 3855 αὐδήεντα
610 3788 636 3841 δ’
655 3788 735 3854 ἔθηκε
754 3792 807 3841 θεά
826 3786 988 3845 λευκώλενος
1005 3784 1085 3854 (Ἡρη.

259 3872 282 3940 ⁸)
301 3871 372 3926 ἔνθα
390 3877 435 3926 καλ
453 3876 603 3929 οὐτιδανοῦ
621 3894 671 3946 περ
690 3878 815 3944 άπεχθέα
832 3872 971 3945 βράγματ’
990 3872 1067 3926 ἔασιν
1084 3876 1088 3937 Ι
1104 3872 1272 3934 ἀσκαλάβοο,·
1290 3886 1352 3921 nam
1370 3872 1392 3920 si
1410 3867 1557 3927 οὐτιδανός

154 3960 227 4011 idem
255 3976 313 4012 esse
336 3964 407 4028 quod
429 3961 562 4029 ‘nequam’
585 3967 739 4032 accipimus,
766 3967 816 4034 πέρ
839 3964 1036 4015 adfirmativum
1059 3967 1107 4025 est,
1134 3967 1164 4011 ut
1185 3963 1234 4010 καί
1253 3975 1307 4010 non
1331 3974 1391 4007 cum
1415 3958 1465 4024 πέρ
1491 3956 1555 4022 (sic-

153 4050 195 4097 uti
221 4048 280 4099 loco
299 4050 340 4100 Al.
358 4052 420 4117 361)
449 4054 622 4118 iungendum,
650 4053 697 4103 sed
723 4053 757 4102 ad
784 4050 854 4104 ἔνθα
882 4050 1051 4101 referendum
1078 4051 1126 4112 eit3
1152 4050 1193 4097 sin
1216 4045 1361 4101 οὐτιδανὸς
1382 4045 1453 4094 idem
1475 4051 1557 4109 atque

154 4132 272 4201 ‘parvus'
290 4138 335 4188 vel
354 4136 490 4190 ‘infirmus'
514 4141 604 4191 valere
627 4143 768 4191 statuimus
793 4139 875 4206 (quod
893 4141 1022 4205 probatur
1039 4138 1097 4187 loco
1116 4135 1195 4185 Ther.
1214 4135 1265 4185 385
1283 4140 1311 4184 et
1327 4134 1453 4183 Eutecnii
1477 4134 1558 4181 inter·

154 4227 305 4289 pretatione
323 4223 381 4277 ἔστι
392 4226 447 4293 μὲν
459 4230 588 4285 ταπεινὸς
600 4229 649 4292 τήν
662 4229 801 4296 πρόσοψιν
815 4230 829 4277 ό
843 4224 1041 4289 ἀσκαλαβώτης,
1059 4224 1090 4273 τό
1111 4221 1141 4272 δὲ
1160 4221 1255 4289 δῆγμα
1274 4220 1323 4271 οὐκ
1340 4218 1398 4271 ἔστι
1416 4218 1558 4282 ταπεινός,·

155 4309 188 4359 cf.
207 4312 294 4362 Ritter
311 4329 332 4364 s.
345 4330 370 4364 v.
384 4314 549 4381 οὐτιδανός),
569 4317 619 4367 hoc
637 4332 743 4382 quoque
761 4316 819 4365 loco
838 4316 866 4364 in
885 4312 1019 4380 particula
1036 4312 1087 4379 πέρ
1105 4312 1147 4361 vis
1165 4310 1320 4360 concessiva
1338 4309 1455 4357 cernitur
1472 4313 1500 4357 et
1511 4310 1561 4357 καί

154 4414 216 4448 cum
235 4401 286 4466 πέρ
305 4402 469 4467 iungendum
489 4409 535 4455 est.

259 4494 283 4561 ο)
302 4499 339 4563 τῷ
357 4499 403 4549 καὶ
420 4500 614 4567 στρεογομένιρ
632 4515 684 4568 περ
703 4498 842 4563 ἀνήλυθεν
864 4494 893 4547 ἐκ
911 4499 1046 4563 καμάτοιο
1061 4494 1067 4559 Ι
1081 4494 1193 4561 πνεῦμα
1210 4492 1299 4560 μόλις,
1322 4507 1374 4557 quo
1398 4490 1465 4552 loco,
1489 4492 1511 4540 si
1528 4491 1557 4540 vi

154 4586 310 4635 concessiva
331 4586 490 4651 particulam
513 4588 670 4638 instructam
694 4588 842 4647 statuimus,
867 4599 975 4635 necesse
997 4587 1038 4633 est
1060 4579 1243 4649 προάγεσθαι
1264 4581 1470 4644 interpretemur
1491 4574 1556 4627 ‘sich

154 4672 299 4737 abmiiheu,
322 4672 379 4723 sich
401 4672 544 4739 abqu'alen'
564 4674 605 4741 (ut
622 4676 745 4741 spiritum
763 4674 860 4723 ducere
879 4670 981 4738 possit),
1003 4671 1045 4721 sin
1067 4668 1250 4737 προάγεσθαι
1267 4668 1402 4734 passivum
1419 4666 1556 4725 sumimus,
