3542 5059
1560 156 1603 222 53

202 345 358 410 videatur.
405 345 492 431 quod,
529 346 571 409 ad
611 347 775 409 enuntiata
809 368 892 430 quae
927 356 1084 409 vocantur
1116 349 1262 431 regentia
1295 348 1428 432 adtinet,
1466 351 1603 414 aoristus

201 452 368 535 gnomicus
394 452 427 514 in
450 474 480 514 v.
505 450 578 533 204,
602 472 756 535 praesens
779 452 811 514 in
834 473 865 513 v.
891 450 964 534 341,
992 451 1135 515 futurum
1161 454 1342 536 imperativi
1364 454 1437 517 vice
1463 454 1603 539 fungens

201 558 234 619 in
255 579 287 620 v.
304 554 368 618 929
385 555 540 624 collocata
562 563 645 619 sunt.
680 555 782 619 altera
805 551 996 639 coniunctio,
1020 578 1104 641 quae
1120 556 1257 621 eandem
1272 558 1339 621 vim
1361 556 1469 641 habet,
1493 553 1565 624 ἔσσο
1576 558 1603 645 ¹)

201 668 259 743 est,
290 683 387 746 quam
418 660 517 724 semel
548 659 658 746 (Ther.
675 658 754 746 415)
784 683 850 725 una
878 682 952 724 cum
978 660 1152 725 indicativo
1180 664 1357 747 praesentis
1385 685 1406 726 a
1430 672 1602 747 praesente

200 773 275 850 apto
298 765 459 830 videmus:
504 766 599 850 96ρον
621 789 676 849 μιν
696 763 846 830 καλέουσι
870 816 939 849 ...,
960 764 965 849 Ι
985 761 1056 831 ἔστε
1162 764 1345 849 σπέρχοσαι,
1368 766 1418 831 bis
1444 768 1603 853 particula

200 871 239 934 ἅν
254 868 365 933 addita
381 892 454 933 cum
470 871 672 934 coniunctivo
688 880 905 933 constructam
924 872 978 953 ita,
998 880 1033 933 ut
1052 892 1104 933 res
1124 872 1239 934 iterata
1258 872 1466 956 significetur,
1481 873 1602 936 inveni-

200 996 286 1039 mus:
303 973 400 1039 Ther.
416 974 475 1038 107
493 974 603 1039 θάλπο
620 1024 627 1037 .
645 1026 652 1039 .
671 1024 689 1057 .,
705 967 772 1039 ἔσο)
788 975 827 1039 ἂν
844 1024 851 1039 .
869 1024 876 1039 .
894 1024 901 1037 .
918 978 1054 1058 σάρκες.
1073 1026 1079 1038 .
1098 1025 1105 1038 .
1123 974 1372 1061 θρύπτοντοιῇ)
1387 976 1439 1042 Al.
1456 976 1498 1040 66
1514 974 1603 1059 χέοις

202 1130 208 1143 .
227 1130 234 1143 .
251 1128 270 1159 .,
291 1083 296 1165 Ι
316 1074 383 1145 ἔσο)
398 1080 437 1143 ἂν
461 1130 467 1143 .
486 1128 517 1144 ..
542 1080 616 1167 χεύῃ
640 1129 673 1144 ..
692 1129 698 1143 .
724 1079 855 1162 δόρπον.
901 1082 995 1144 tortia
1010 1078 1154 1145 eiusdem
1169 1082 1305 1144 notionis
1321 1081 1500 1145 coniunctio
1516 1081 1601 1170 ὄφρα

201 1182 287 1270 est‚³)
311 1206 409 1270 quam
432 1185 528 1247 etiam
551 1182 681 1247 finalem
704 1185 771 1247 vim
792 1182 927 1248 induere
955 1207 1049 1270 posse
1073 1193 1205 1249 constat.
1243 1207 1283 1249 ac
1305 1206 1365 1248 sex
1387 1184 1466 1249 locis
1490 1184 1601 1271 (Ther.

200 1287 274 1372 920,
297 1289 348 1353 Al.
367 1287 418 1372 89,
437 1287 508 1372 196,
526 1288 599 1372 227,
615 1287 689 1372 458,
706 1286 785 1374 485)
808 1297 880 1353 utra
904 1291 998 1372 notio,
1021 1289 1205 1375 temporalis
1227 1313 1270 1354 an
1292 1290 1407 1374 finalis,
1431 1289 1602 1355 statuenda

200 1395 240 1457 sit
269 1392 408 1458 dubitari
431 1391 590 1479 potest34)
620 1393 723 1457 trihus
751 1402 858 1458 autem
889 1393 1000 1479 (Ther.
1018 1392 1090 1478 934,
1114 1394 1165 1459 Al.
1186 1395 1257 1478 111,
1274 1392 1352 1480 278)
1379 1397 1445 1459 vim
1472 1394 1602 1460 finalem

200 1500 230 1562 ei
263 1501 368 1563 inesse
404 1508 527 1562 certum
561 1497 827 1583 exploratumque
862 1508 919 1562 est.
965 1508 1205 1584 nonnumquam
1235 1498 1279 1565 ad
1308 1499 1393 1587 ὄφρα
1423 1522 1498 1564 cum
1527 1520 1600 1564 con-

199 1604 342 1668 iunctivo
365 1604 473 1667 aoristi
497 1604 702 1667 coniunctum
724 1603 764 1667 ἄν
779 1599 859 1688 (κέν)
883 1602 1023 1685 accedit;
1048 1606 1137 1668 cuius
1159 1606 1288 1688 generis
1311 1604 1372 1669 loci
1394 1629 1415 1669 a
1429 1604 1526 1669 Ther.
1546 1604 1601 1668 ah-

199 1718 283 1793 sunt,
306 1710 338 1771 in
354 1708 406 1771 Al.
430 1709 637 1772 inveniuntur
659 1715 822 1791 quattuor:
847 1705 900 1791 89,
918 1707 1019 1793 196‚⁵)
1036 1707 1109 1792 227,
1125 1707 1228 1795 2786)
1267 1731 1350 1794 quae
1374 1710 1538 1773 enuntiata
1557 1711 1602 1773 ita

199 1824 274 1878 sunt
292 1822 487 1897 comparata,
508 1821 543 1875 ut
557 1810 652 1876 modo
669 1811 710 1875 ab
731 1813 881 1897 optativis
898 1810 962 1895 (Al.
980 1810 1032 1896 89,
1051 1811 1122 1896 196,
1139 1811 1217 1899 227)
1237 1812 1332 1877 modo
1352 1813 1394 1878 ab
1410 1815 1600 1898 imperativo

200 1917 265 2003 (Al.
283 1916 361 2003 278)
390 1915 605 2002 dependeant.
651 1914 737 2001 quod
767 1916 854 1981 valet
881 1938 1009 2002 quoque
1040 1915 1081 1980 de
1109 1919 1291 2001 enuntiatis,
1321 1920 1356 1981 in·
1387 1917 1503 2003 quibus
1533 1912 1601 1982 ἔστ’

198 2022 238 2085 ἄν
257 2021 383 2106 legitur,
404 2031 501 2106 atque
522 2020 562 2085 de
584 2022 639 2103 eis,
661 2043 744 2106 quae
764 2020 923 2105 particula
942 2021 1027 2109 ὄφρα
1047 2020 1100 2107 (ἄν
1115 2043 1179 2086 non
1194 2020 1385 2107 accedente)
1405 2022 1602 2087 inducuntur

199 2125 309 2213 (Ther.
332 2125 405 2211 929,
429 2126 480 2189 Al.
502 2126 572 2209 111,
595 2124 670 2208 458,
693 2124 781 2212 485).
824 2127 857 2188 in
880 2124 929 2189 his
953 2127 1171 2190 coniunctivos
1194 2127 1337 2211 aoristi⁷)
1361 2126 1539 2191 deiterata
1563 2148 1599 2190 re

197 2240 367 2317 usurpatos
395 2240 444 2295 ter
471 2230 512 2295 ab
536 2232 683 2315 optativis
707 2229 817 2316 (Ther.
842 2229 916 2313 920,
944 2229 996 2294 Al.
1023 2230 1095 2314 111,
1119 2228 1207 2315 485),
1236 2230 1336 2295 semel
1359 2229 1425 2317 (Al.
1448 2229 1526 2316 458)
1557 2230 1599 2295 ab

199 2339 389 2423 imperativo
416 2345 507 2422 aptos
536 2358 606 2400 esse
633 2336 822 2399 invenimus
868 2343 968 2399 restat
994 2335 1083 2400 locus
1105 2335 1202 2400 Ther.
1223 2335 1288 2399 934
1302 2357 1349 2421 sq.
1380 2334 1466 2424 ὄφρα
1489 2333 1601 2401 δὲκαὶ

197 2446 339 2531 πάσῃσιν
355 2441 559 2530 ἀλεξητήριον
574 2441 666 2519 ἄταις
686 2438 690 2525 )
709 2437 894 2524 τευξόμενος
909 2444 1089 2521 macchoco,
1112 2444 1150 2507 τό
1165 2464 1216 2507 σοι
1238 2438 1319 2526 μέγα
1341 2444 1474 2529 κρήγυον
1496 2436 1597 2521 ἔσται,

197 2570 261 2633 quo
284 2570 304 2611 a
325 2548 432 2612 futuro
455 2548 632 2632 optativum
655 2567 729 2609 cum
751 2544 909 2630 particula
932 2544 1017 2631 ὄφρα
1041 2555 1258 2611 constructum
1280 2545 1424 2632 pendere
1439 2545 1598 2611 videmus.

303 2808 323 2875 ¹)
341 2807 401 2860 ἕστε
423 2812 458 2859 ab
482 2810 593 2859 Homeri
611 2808 777 2873 Hesiodique
799 2809 963 2858 carminibus
984 2808 1104 2858 alienum
1129 2823 1162 2857 ex
1180 2809 1263 2871 epicis
1285 2808 1475 2873 posterioribus
1499 2809 1600 2873 primns

196 2898 284 2963 Apoll.
298 2898 383 2949 Rhod.
396 2898 422 2946 ll
441 2899 473 2946 85
492 2897 623 2948 adhibuit.
658 2896 794 2947 Nicander
811 2896 881 2946 hanc
899 2896 1059 2961 particulam
1078 2895 1161 2945 semel
1184 2895 1274 2961 (Ther.
1293 2892 1356 2959 107)
1379 2901 1439 2961 post
1461 2910 1599 2945 caesuram

196 2986 423 3049 semiquinariam‚
447 2985 487 3035 bis
506 2983 597 3048 (Ther.
610 2984 661 3032 415
680 2989 707 3033 et
724 2982 765 3033 Al.
781 2981 824 3047 66)
847 2984 876 3032 in
895 2998 987 3033 versus
1011 2983 1088 3032 initio
1111 2982 1200 3047 posuit
1222 2983 1362 3032 enuntiato
1379 2983 1506 3047 primario
1524 2998 1600 3047 prae·

196 3074 317 3123 cedente.

301 3156 323 3224 ²)
342 3174 468 3225 praesens
487 3160 512 3208 l1.
526 3158 543 3208 l.
557 3174 622 3208 sane
640 3159 736 3206 mirum
755 3158 874 3222 videtur3
894 3157 927 3207 cf.
941 3157 982 3207 Al.
996 3160 1037 3205 61.

300 3245 322 3313 ³)
342 3248 416 3314 ὄφρα
434 3248 535 3310 ubique
553 3248 582 3295 in
601 3247 685 3310 primo
698 3261 790 3294 versus
807 3245 875 3310 pede
893 3244 966 3309 apud
978 3244 1140 3294 Nicandrum
1160 3244 1259 3309 legitur
1276 3246 1323 3306 ita,
1341 3249 1372 3294 ut
1389 3248 1500 3309 excepto
1519 3244 1599 3294 Ther.

196 3338 246 3384 934
267 3336 434 3385 enuntiatum
454 3334 610 3399 primarium
629 3333 779 3398 praecedat.

248 3435 252 3443 ’
300 3419 321 3483 ⁴)
341 3421 410 3486 quod
429 3422 462 3471 do
480 3421 546 3471 locis
564 3421 643 3470 Ther.
657 3421 707 3468 204
728 3418 837 3485 (εἰσόκε)
856 3424 883 3474 ot
902 3419 944 3470 Al.
957 3420 990 3467 66
1009 3414 1075 3483 (ἔστ’
1087 3416 1133 3483 ἄν)
1151 3433 1256 3483 quoque
1274 3418 1355 3468 valet.

299 3506 321 3573 ⁵)
340 3508 392 3558 loci
411 3508 451 3557 Al.
467 3510 516 3556 196
535 3512 562 3557 et
580 3508 630 3556 227
650 3508 720 3556 inter
738 3522 766 3555 se
785 3505 916 3555 simillimi
934 3511 1004 3555 sunt.

298 3595 320 3660 ⁰)
339 3596 389 3645 hoc
408 3595 465 3645 loco
480 3594 542 3645 libri
555 3591 619 3662 ὄφρ’
633 3594 667 3644 ἂν
681 3591 860 3660 ἔπιστύφοντι
873 3593 917 3659 (Π
926 3590 1119 3659 sumopere)
1138 3597 1213 3660 ποτῷ
1226 3594 1329 3643 νοῦσον
1347 3589 1377 3642 δὲ
1396 3592 1541 3649 κεδάσσαις
1560 3594 1603 3660 (Π

194 3683 346 3741 redducere)
365 3683 499 3733 exhibent.
530 3699 591 3732 curn
611 3680 644 3731 δέ
660 3687 720 3747 post
736 3682 839 3732 νοῦσον
857 3682 973 3747 positum
992 3683 1020 3730 in
1039 3680 1090 3730 hoc
1108 3696 1187 3730 versu
1204 3681 1306 3746 aliquid
1324 3680 1460 3730 turbatum
1479 3696 1536 3732 csse
1555 3682 1599 3731 do-

195 3776 360 3830 monstraret,
384 3769 522 3821 Bontleius
545 3774 573 3819 et
594 3770 614 3818 I.
632 3768 663 3819 G.
681 3767 826 3818 Schneider
853 3768 890 3834 (p.
908 3769 970 3833 336)
993 3772 1056 3818 ante
1078 3770 1161 3818 verba
1183 3770 1284 3820 νοῦσον
1307 3767 1337 3819 δὲ
1361 3766 1507 3825 aeduorum
1534 3769 1598 3819 duos

194 3874 285 3908 versus
302 3858 453 3907 dimidiatos
470 3857 600 3907 excidisse
617 3858 743 3921 suspicati
761 3862 832 3906 sunt.
859 3861 952 3905 contra
963 3856 1056 3905 Zeune
1068 3856 1096 3905 in
1109 3856 1293 3907 Animadvers.
1305 3857 1339 3906 ad
1351 3856 1479 3906 Nicandri
1491 3872 1599 3908 carmen

194 3950 336 4011 utrumque
359 3946 559 4013 (vitembergae
580 3946 655 4005 1776,
678 3961 702 4009 p.
722 3942 766 4009 11)
788 3942 917 4010 νούσημα
934 3942 1068 4011 κεδάσσῃς
1090 3945 1233 4009 proposuit.
1268 3944 1385 4008 denique
1403 3944 1433 3993 Ο.
1453 3943 1600 3994 Schneider

193 4050 299 4085 versum
311 4036 350 4083 sic
362 4034 510 4083 constituit:
530 4029 595 4103 ὄφρ’
608 4033 642 4083 ἂν
655 4029 702 4083 ’ἐπι
714 4030 822 4099 στῦφόν
834 4047 861 4081 τι
877 4034 960 4096 ποτῷ,
979 4047 1049 4095 quae
1060 4034 1143 4082 verba
1154 4033 1193 4081 sic
1204 4033 1404 4097 interpretatur:
1423 4027 1516 4095 ‘usque
1535 4031 1598 4080 dum

194 4136 290 4187 magna
308 4122 383 4187 potui
401 4122 464 4170 insit
482 4116 648 4170 amaritudo?
683 4127 710 4171 at
722 4121 833 4171 verbum
851 4118 965 4183 simplex
982 4116 1099 4186 στύφειν
1119 4135 1249 4183 nusquam
1267 4134 1284 4169 a
1295 4118 1428 4189 Nicandro
1447 4118 1599 4180 adhibetur,

193 4210 239 4259 sed
252 4208 413 4276 ἔπιστύφειν
427 4207 471 4274 (cf.
485 4207 526 4257 Al.
538 4210 579 4267 79,
592 4208 623 4257 fr.
637 4209 668 4256 91
683 4213 710 4257 et
723 4209 764 4265 70,
779 4206 822 4273 14)
842 4213 869 4257 et
887 4204 1045 4273 inscalptae,
1063 4208 1140 4255 cuius
1158 4207 1327 4271 participium
1346 4206 1494 4272 praesentis
1513 4206 1597 4256 tribus

193 4296 235 4347 Al.
253 4297 318 4346 locis
335 4312 396 4346 cum
419 4296 592 4346 substantivis
615 4293 692 4361 πόμα
711 4294 764 4345 vel·
778 4294 865 4345 ποτόν
884 4295 1066 4359 coniungitur:
1091 4295 1149 4357 299,
1166 4295 1226 4353 321,
1244 4295 1302 4343 375.
1338 4308 1418 4357 quam
1436 4294 1470 4343 ob
1489 4308 1544 4343 rem
1563 4293 1597 4343 ad

193 4384 372 4434 coniecturam
391 4398 408 4433 a
424 4384 548 4433 Bentleio
566 4383 728 4448 propositam
747 4382 911 4433 redeundum
930 4397 988 4431 esse
1007 4382 1136 4431 existimo.

297 4468 317 4536 ⁷)
336 4487 390 4521 uno
412 4471 469 4521 loco
493 4472 599 4521 41458
622 4471 792 4520 coniunctivo
815 4470 908 4520 aoristi
932 4466 1089 4536 ἐξερύγῃσιν
1112 4470 1300 4519 coniunctivus
1327 4470 1474 4534 praesentis
1500 4467 1596 4539 κεδαίῃ

192 4559 342 4626 praecedit3
361 4559 431 4624 quod
444 4559 554 4609 verbum
574 4557 716 4625 (κεδαίειν)
735 4558 869 4607 Nicander
888 4557 921 4606 ab
935 4555 1078 4621 Apollonio
1095 4557 1139 4607 vel
1151 4556 1234 4607 Arato
1248 4561 1382 4607 mutuatus
1400 4572 1458 4607 esso
1476 4556 1596 4622 videtur;

191 4646 225 4697 cf.
238 4646 326 4711 Apoll.
339 4646 422 4697 Rhod.
436 4648 462 4697 Il
476 4648 534 4711 628,
547 4647 619 4696 Arai.
636 4647 692 4707 159,
706 4647 764 4695 419.
