3542 5059
1543 168 1603 234 101

206 356 431 442 nominativae,
455 356 546 421 alteri
565 359 745 444 genetivus,
768 360 859 423 tertio
882 357 1020 443 dativae,
1044 368 1158 444 quarto
1180 362 1395 446 accusativus,
1419 364 1529 447 quinto
1551 361 1617 425 ab'

206 460 322 525 lativus
346 484 419 525 cum
441 463 676 548 praepositione
699 454 753 526 ‘in'
776 465 965 528 coniunctus
991 463 1194 549 respondeat.
1240 486 1304 549 qua
1331 464 1372 529 de
1399 489 1434 530 re
1458 465 1605 530 conferas

207 587 327 651 quaeso
349 565 434 631 hanc
456 566 613 633 tabulam:

414 697 517 763 Andr.
541 699 663 785 primus
685 707 776 763 actus
800 699 942 763 continet
974 697 991 992 ἔ

413 803 495 868 Hec.
594 854 609 889 „
721 853 736 888 ‚,
862 851 877 886 „
1017 824 1101 866 nom.

412 907 540 972 Phorm.
592 959 608 994 „
719 956 734 991 ,‚
796 916 845 971 est
862 908 896 970 in
913 929 941 971 c.

412 1029 516 1094 Andr.
540 1028 674 1093 secundi
698 1037 788 1092 actus
809 1027 893 1092 haec
916 1037 991 1092 sunt

412 1135 493 1198 Hec.
579 1181 594 1216 „
734 1181 749 1216 „
807 1142 900 1197 tenor
921 1134 954 1196 in
981 1131 1043 1196 hoc
1071 1141 1119 1196 est
1189 1155 1263 1217 gen.

411 1229 539 1303 Phorm.
581 1288 596 1323 „
737 1287 752 1322 η
810 1245 901 1301 tenor
925 1237 1066 1300 continet

412 1358 514 1424 Andr.
538 1360 630 1422 tertio
653 1360 739 1423 actui
761 1357 842 1422 haec
868 1357 1087 1423 attribuuntur

411 1465 494 1528 Hec.
578 1513 593 1546 „
693 1509 707 1540 „
799 1513 815 1548 „
870 1461 1076 1527 ascribuntur
1140 1461 1204 1526 dat.

411 1568 540 1633 Phorm.
582 1618 597 1653 ‚,
695 1616 710 1651 „
767 1565 951 1631 attribuitur

411 1689 514 1754 Andr.
539 1699 688 1775 quartum
710 1700 819 1753 actum
841 1709 900 1774 per
922 1687 1004 1752 haec
1027 1686 1240 1774 intellegimus

411 1796 492 1860 Hec.
609 1844 624 1879 „
760 1842 775 1877 ‚‚
845 1790 927 1857 haec
951 1792 1112 1878 complent
1258 1695 1370 1982 }acc.

409 1900 538 1964 Phorm.
608 1949 623 1984 „
761 1946 775 1982 ῃ
843 1899 906 1961 ista
928 1896 1157 1961 concelebrant

1148 2017 1163 2162 Ι
1190 2069 1254 2136 am.
1279 2093 1353 2136 eum

1149 2163 1162 2310 l
1190 2198 1303 2262 praep.
1319 2167 1374 2240 ‘in’

411 2019 514 2086 Andr.
559 2021 591 2084 in
615 2020 725 2104 quinto
748 2028 823 2083 actu
846 2017 1018 2103 disputatio
1041 2027 1090 2082 est

408 2125 491 2189 Hec.
568 2171 582 2206 „
661 2174 676 2208 „
778 2169 791 2198 „
845 2122 1009 2186 inducitur

409 2229 579 2305 Phorm„
659 2274 672 2303 „
774 2273 788 2303 ,‚
841 2226 992 2291 Phormio
1019 2229 1137 2314 accipit

202 2362 260 2428 eed
290 2365 322 2426 in
349 2361 450 2426 altera
472 2361 624 2446 Hecyrae
652 2358 856 2444 praefationis
884 2367 975 2444 parte
1002 2361 1099 2423 miros
1126 2380 1183 2423 nos
1210 2358 1319 2438 habet,
1347 2358 1442 2445 quod,
1471 2383 1544 2424 cum
1570 2362 1602 2425 in

201 2467 346 2532 Andriae
358 2464 580 2551 Adelphorum
595 2463 746 2528 Eunuchi
757 2463 958 2528 Phormionis
974 2462 1225 2547 praefationibus
1241 2472 1431 2549 argumenta
1447 2465 1603 2550 copiosius

201 2573 403 2658 explicentur
426 2568 540 2656 (veluti
562 2568 709 2634 versibus
731 2568 808 2651 XII,
831 2567 942 2651 XVII,
965 2568 1091 2650 XVIII,
1115 2568 1183 2632 XX
1205 2570 1238 2633 in
1260 2567 1517 2633 Reifferscheidii
1540 2567 1604 2633 edi-

200 2675 299 2764 tione)
333 2687 365 2740 et
397 2677 514 2740 iterum
550 2677 729 2759 iterumque
763 2695 976 2758 personarum
1009 2673 1207 2758 singularum
1240 2675 1369 2739 nomina
1406 2682 1602 2759 repetantur,

200 2783 353 2868 Hecyrae
376 2789 600 2865 argumentum
628 2779 853 2844 brevissimum
881 2788 929 2843 est
956 2778 1029 2864 (sex
1053 2781 1138 2844 enim
1160 2778 1194 2843 id
1217 2778 1365 2844 versibus
1388 2778 1602 2866 concluditur)

201 2897 233 2951 et
255 2888 348 2950 unius
364 2883 523 2970 Pamphili
546 2883 644 2948 semel
667 2885 700 2946 in
723 2905 760 2947 eo
783 2905 901 2948 nomen
925 2883 1105 2948 exhibetur.
1151 2906 1247 2970 quam
1271 2884 1312 2949 ob
1334 2906 1404 2948 rem
1425 2883 1487 2948 hoc
1509 2905 1602 2968 argu·

200 3001 343 3056 mentum
367 2991 441 3055 olim
464 2990 596 3053 senariis
614 2991 824 3075 compositum
847 3011 887 3052 ac
902 2987 1020 3054 deinde
1043 2991 1076 3053 in
1091 3011 1220 3073 prosam
1243 2991 1419 3054 orationem
1433 2987 1602 3054 redactum

201 3119 272 3162 esse
294 3106 381 3182 puto,
406 3097 496 3160 cuius
519 3096 566 3159 rei
581 3096 678 3158 etiam
700 3115 787 3158 nunc
811 3103 900 3158 certa
915 3095 1051 3179 vestigia
1067 3092 1313 3180 deprehendere
1335 3094 1420 3178 licet,
1445 3116 1519 3159 cum
1541 3096 1602 3157 sin-

200 3201 283 3287 gulis
313 3210 437 3266 tantum
460 3200 569 3265 verbis
595 3200 794 3283 transpositis
816 3236 859 3244 -
881 3197 916 3262 id
943 3198 1030 3284 quod
1052 3198 1201 3264 versibus
1226 3198 1288 3263 hoc
1318 3197 1414 3263 modo
1440 3197 1602 3263 translatis

201 3328 330 3392 semper
351 3305 422 3370 fieri
444 3304 567 3369 solebat
577 3302 602 3389 ¹)
627 3341 668 3349 —
691 3312 723 3367 et
746 3301 941 3388 quibusdam
963 3305 1086 3368 omissis
1112 3303 1146 3367 hi
1168 3305 1302 3369 trimetri
1328 3302 1458 3368 iambici
1479 3305 1603 3368 restitui

201 3411 339 3496 possint:

466 3494 623 3559 Vitidtam
646 3495 682 3558 in
705 3493 843 3559 tenebris
867 3493 1005 3558 uectem
1028 3494 1085 3558 oui
1107 3494 1326 3581 contorserat‚²)
1376 3502 1381 3510 ‘

467 3599 604 3664 Uco‘rcm
629 3599 759 3685 societ)
783 3599 956 3686 procidam
978 3622 1017 3663 esc
1040 3603 1223 3686 compressit
1244 3621 1314 3664 suo.

460 3704 631 3790 Profectus
651 3705 820 3790 pereprc4)
843 3709 914 3767 caim
937 3704 1123 3790 reliquisset
1147 3704 1234 3768 domi

305 3880 326 3947 ¹)
345 3897 398 3932 non
422 3896 491 3946 nego
513 3895 578 3931 sane
600 3882 719 3931 senarios
741 3879 870 3930 facillime
893 3879 954 3930 aliie
976 3895 1082 3945 quoqne
1107 3879 1172 3930 locis
1194 3881 1276 3930 statui
1294 3895 1378 3946 posse,
1396 3880 1425 3930 id
1443 3881 1514 3946 quod
1532 3885 1604 3930 recte

200 3971 256 4020 Leo
274 3986 299 4035 p.
310 3971 361 4019 322
374 3975 401 4020 et
414 3970 474 4030 323,
492 3968 552 4019 adn.
570 3973 580 4017 l
600 3967 796 4029 animadvertit,
814 3968 861 4017 sed
879 3969 1070 4033 circumspecte
1088 3968 1121 4018 de
1138 3967 1268 4019 eiusmodi
1285 3966 1352 4017 locis
1364 3968 1537 4018 iudicandum
1555 3974 1603 4019 eet.

200 4062 271 4106 certe
290 4057 313 4106 si
331 4057 391 4121 quis
409 4072 443 4107 ex
460 4055 541 4106 schol.
560 4055 608 4105 Ad.
621 4055 662 4105 111
682 4056 705 4115 1,
724 4056 739 4103 6
758 4059 786 4104 et
803 4055 844 4103 111
862 4057 935 4116 2,14
952 4055 1000 4105 hoe
1017 4057 1137 4106 senarios
1154 4055 1251 4106 elicere
1268 4054 1347 4105 velit:

537 4143 572 4192 m
589 4141 696 4206 seraper,
714 4159 766 4192 non
783 4141 819 4191 ad
837 4141 911 4192 omne
927 4150 1026 4207 temper
1042 4143 1145 4199 rettulit,

541 4229 592 4282 sed
608 4231 676 4279 natac
691 4246 741 4293 pro
758 4236 863 4293 sinopae
880 4226 963 4280 ‘hanc'
981 4229 1048 4280 dicit
1064 4237 1092 4280 ut
1111 4229 1256 4290 Salltlete'w

200 4318 282 4368 risum
301 4317 424 4368 omnibus
443 4317 567 4368 movebit.

301 4401 324 4469 ¹)
343 4399 468 4454 ‘tenebris
491 4409 555 4454 ante
580 4403 688 4469 nuptias
715 4404 760 4454 cui
787 4404 898 4455 anulum
926 4408 1073 4456 extorserat
1098 4405 1263 4456 meretricem
1291 4421 1384 4456 amans
1410 4404 1474 4454 dum
1498 4406 1604 4471 ignorat

198 4487 364 4557 Pamphilue'
382 4491 413 4541 R.

304 4574 326 4644 ⁸)
345 4575 430 4628 ‘duxit
447 4575 565 4628 uxorem’
583 4579 614 4627 R.

303 4663 325 4730 ⁴)
344 4661 432 4729 ‘quem
451 4680 561 4732 peregre
580 4661 722 4731 prolectue'
740 4665 772 4715 R.
