3542 5059
1560 147 1603 213 85

197 335 252 422 (cf.
270 334 321 400 Al.
332 335 383 415 92,
402 335 473 421 110,
493 335 586 421 369);
609 335 662 401 Al.
672 335 736 401 528
757 338 777 424 ll
795 341 886 425 ῥοιῆς
905 335 1077 403 adeona
1096 335 1174 420 περὶ
1193 337 1338 403 οπάδικα
1358 339 1524 418 κολούσας,
1547 338 1603 403 ubi

199 441 276 504 item
298 449 331 504 et
352 449 428 506 ante
449 441 469 530 1)
491 450 524 505 et
546 450 618 525 post
639 440 797 519 κολούσας
818 443 950 527 gravius
972 442 1211 527 interpunctum
1234 441 1342 506 malim
1364 441 1420 528 (of.
1436 442 1489 508 Al.
1506 442 1547 508 57
1571 453 1605 509 et

199 543 287 631 267).
309 544 458 609 videmus
484 548 580 633 igitur
606 545 708 610 XIIII
730 545 839 631 Ther,
872 545 941 610 XII
962 545 1015 611 Al.
1039 545 1117 610 locis
1132 584 1174 593 —
1194 544 1237 611 ad
1259 567 1340 632 quos
1362 555 1429 611 tres
1450 547 1547 614 Ther.
1571 556 1604 613 et

198 647 331 713 totidem
346 648 409 733 Al,
431 649 472 714 de
493 649 609 735 quibus
630 648 771 715 dubitari
789 657 905 735 potest,
925 648 1144 715 accedunt-
1159 651 1363 737 participium
1382 649 1435 716 illo
1454 650 1603 717 liberiore

198 752 293 817 modo
323 762 511 839 usurpatum
541 776 622 819 esse.
668 753 708 819 de
740 776 802 840 quo
833 754 965 819 dicendi
993 777 1054 820 usu
1084 777 1134 842 ea,
1164 777 1247 840 quae
1279 758 1313 821 in
1342 756 1530 821 universum
1560 754 1602 820 de

198 857 363 923 Nicandro
386 859 410 923 I.
428 858 469 924 G.
486 857 666 924 Schneider
689 857 799 945 (Ther.
823 880 890 924 cur.
911 870 992 945 post.
1013 882 1045 946 p.
1066 858 1145 946 271)
1168 858 1260 944 dixit,
1290 859 1399 925 valere
1422 858 1602 945 intelleges:

199 954 308 1028 ‘multa
333 966 457 1028 suntin
477 962 539 1027 hoc
558 973 654 1049 poeta
677 964 826 1028 orationis
849 962 1040 1029 durissimae
1062 972 1095 1029 et
1116 973 1297 1030 structurae
1316 963 1489 1030 verborum
1505 964 1603 1030 disso-

199 1066 285 1132 lutae
316 1077 348 1132 et
376 1066 515 1134 labantis
544 1070 735 1156 specimina,
763 1091 846 1155 quae
873 1070 1009 1135 materia
1035 1071 1124 1155 operi
1152 1072 1277 1157 poetico
1301 1092 1366 1135 non
1388 1072 1464 1135 satis
1486 1069 1604 1135 idonea

198 1174 316 1257 partim
338 1174 503 1260 peperisse
525 1168 676 1239 videtur.³

303 1276 379 1341 ΙΠΙ.
403 1276 477 1342 Non
506 1279 619 1363 paucis
649 1276 747 1342 Ther.
771 1286 868 1363 atque
895 1277 948 1343 Al.
971 1276 1050 1343 locis
1077 1277 1170 1343 verbi
1196 1278 1330 1343 alicuius
1358 1277 1479 1365 ellipsis
1506 1301 1603 1365 quam

201 1390 320 1446 vocant
345 1384 520 1465 invenitur,
549 1383 640 1447 cuius
667 1384 729 1447 tria
756 1404 877 1468 genera
909 1382 1083 1448 observare
1111 1382 1194 1448 licet.
1241 1405 1377 1469 quorum
1406 1405 1471 1448 uno
1501 1405 1604 1470 eoque

198 1485 294 1572 longe
317 1486 576 1572 frequentissimo
598 1488 620 1550 ii
644 1485 964 1572 comprehenduntur
985 1486 1057 1565 loci,
1081 1486 1198 1574 quibus
1221 1486 1355 1574 copulae
1378 1478 1461 1555 εἶναι
1482 1488 1604 1553 formae

199 1589 398 1677 supplendae
421 1600 504 1656 sunt.
547 1593 734 1677 saepissime
756 1601 865 1656 autem
881 1589 1085 1657 desideratur
1099 1588 1186 1658 ἐστίν
1204 1591 1302 1678 idque
1318 1590 1507 1678 plerumque
1524 1593 1604 1657 eius-

199 1694 286 1760 modi
317 1695 410 1779 locis,
443 1695 561 1781 quibus
595 1695 718 1761 bestiae
752 1695 939 1782 herbaeque
974 1704 1204 1760 enumerantur
1234 1705 1332 1782 atque
1363 1695 1604 1762 describuntur:

200 1798 299 1864 Ther.
318 1798 391 1883 119,
417 1797 488 1883 168,
514 1798 587 1883 195,
610 1798 685 1883 217,
710 1798 786 1884 223,
808 1798 883 1876 224,
908 1799 983 1884 322,
1006 1800 1081 1883 375,
1097 1798 1172 1884 397,
1187 1799 1263 1885 420,
1278 1798 1390 1888 44314,
1404 1800 1479 1885 465,
1496 1798 1606 1887 stolo,

200 1903 281 1988 640,
309 1902 389 1987 642,
412 1903 490 1988 659,
514 1903 593 1987 663,
617 1903 695 1988 734,
720 1903 798 1988 738,
822 1904 900 1988 749,
925 1903 1002 1984 762,
1027 1904 1105 1986 771,
1130 1904 1204 1986 777,
1228 1903 1305 1989 780,
1329 1903 1392 1968 799
1426 1904 1479 1970 vel
1511 1915 1607 1970 uotae

205 2007 309 2075 morbi
332 2030 350 2072 e
373 2009 531 2073 veneficio
555 2010 613 2073 orti
636 2007 841 2074 adferuntur:
865 2008 963 2073 Ther.
985 2007 1063 2093 728,
1087 2007 1160 2093 732,
1184 2008 1257 2094 744,
1280 2008 1332 2074 Al.
1349 2008 1401 2075 27.
1446 2008 1608 2075 accedunt

201 2113 299 2179 Ther.
323 2112 386 2177 835
416 2110 486 2199 (ubi
512 2110 611 2199 ἐστι’),
641 2111 739 2177 Ther.
763 2113 839 2191 151,
863 2112 942 2196 214,
966 2111 1044 2193 219,
1069 2112 1143 2196 620,
1167 2111 1230 2176 741
1255 2111 1323 2198 (ubi
1345 2110 1450 2200 εἰσίν),
1472 2113 1525 2179 Al.
1542 2114 1604 2178 397

200 2216 268 2303 (ubi
296 2210 341 2283 sl«
356 2219 389 2281 in
419 2219 585 2285 interiecto
614 2216 806 2304 enuntiato),
837 2217 935 2282 Ther.
956 2216 999 2281 93
1026 2226 1059 2283 et
1085 2216 1150 2281 498
1178 2216 1249 2303 (uhi
1275 2219 1353 2283 item
1378 2219 1412 2282 iu
1434 2220 1605 2294 enuntiatis

199 2323 393 2408 interpositis
405 2321 458 2411 ἐἴη
482 2331 514 2387 et
535 2319 623 2388 ἐστίν
638 2320 887 2409 desiderantur).
916 2320 950 2385 hi
973 2343 1053 2408 quos
1075 2320 1170 2387 modo
1193 2320 1368 2387 adtulimus
1387 2320 1449 2387 loci
1471 2324 1516 2387 ita
1532 2332 1606 2388 sunt

201 2428 388 2513 comparati,
412 2436 446 2493 ut
461 2419 542 2493 εἶναι
558 2428 591 2491 in
607 2429 778 2493 enuntiatis
800 2428 960 2513 primariis
983 2426 1082 2513 absit,
1105 2424 1164 2491 sed
1187 2428 1285 2491 etiam
1307 2427 1340 2491 in
1363 2428 1535 2493 enuntiatis
1558 2450 1603 2492 se·

201 2531 363 2597 cundariis
385 2532 478 2598 verbi
499 2525 581 2598 εἶναι
603 2532 722 2597 formas
746 2534 879 2598 omissas
901 2531 1065 2598 videmus:
1103 2531 1200 2597 Ther.
1220 2530 1295 2615 461,
1319 2530 1394 2616 462,
1418 2531 1491 2615 670,
1514 2532 1567 2598 Al.
1586 2532 1603 2594 7

198 2646 271 2722 post
292 2636 427 2703 relativa
449 2636 607 2702 adverbia
629 2636 736 2701 locum
751 2637 975 2723 significantia,
998 2636 1095 2701 Ther.
1109 2635 1172 2701 309
1189 2644 1223 2701 et
1239 2634 1303 2701 826
1327 2645 1399 2723 post
1421 2636 1460 2702 al.
1506 2647 1603 2723 atque

199 2740 248 2805 his
269 2740 349 2807 locis
371 2741 565 2806 indicativus
580 2742 766 2827 requiritur,
790 2740 888 2806 Ther.
906 2739 968 2805 368
992 2750 1101 2806 autem
1124 2739 1216 2828 (ὅταν
1232 2791 1239 2805 .
1255 2791 1262 2805 .
1277 2792 1284 2805 .
1300 2744 1396 2828 τρύγη
1411 2742 1445 2807 ἐν
1459 2740 1604 2828 πυθμένι

201 2842 325 2934 λίμνης)
349 2848 581 2912 coniunctivus.
612 2845 749 2912 alterum
764 2868 841 2911 vero
861 2867 966 2932 genus
989 2855 1038 2910 est
1053 2867 1163 2910 eorum
1185 2845 1338 2930 locorum,
1362 2845 1478 2932 quibus
1501 2869 1544 2911 ex
1566 2848 1604 2911 iis

200 2972 283 3037 quae
298 2949 495 3015 antecedunt
505 2950 642 3016 verbum
658 2949 822 3037 quoddam
838 2950 1031 3037 suppleatur
1045 2972 1180 3015 necesse
1196 2959 1258 3015 est:
1282 2950 1380 3015 Ther.
1395 2950 1435 3014 76
1451 2949 1604 3037 (τάμοις),

201 3053 264 3121 232
284 3052 546 3143 (τεκμαίρονῑοι),
570 3053 634 3119 600
653 3052 902 3141 (προτάμοις),1)
926 3053 988 3117 747
1010 3052 1233 3142 (πιφαύσκεο),
1255 3053 1316 3118 797
1338 3052 1447 3141 (δήεις,
1464 3054 1504 3119 cf.
1522 3055 1547 3119 I.
1562 3054 1602 3121 G.

201 3158 379 3227 Schneider
402 3182 468 3225 cur.
489 3168 570 3246 post.
592 3182 623 3245 p.
639 3158 727 3245 266),
748 3157 811 3224 815
832 3150 946 3247 (οἶδα),
967 3157 1032 3223 823
1051 3158 1142 3246 (item
1162 3151 1246 3243 οἶδα,
1268 3156 1392 3244 dequo
1413 3159 1452 3225 Ο.
1474 3159 1604 3225 Schnei-

202 3262 259 3329 der
281 3266 467 3351 genetivum
495 3262 667 3350 ομοραίνης
693 3262 836 3350 pendere
863 3262 943 3348 vult,
975 3263 1016 3328 cf.
1033 3263 1192 3329 Kuehner
1212 3263 1246 3328 Π
1268 3263 1347 3346 3113
1378 3272 1490 3329 contra
1511 3264 1537 3328 Ι.
1562 3265 1603 3331 G.

201 3368 380 3434 schneider
399 3354 498 3449 οάπς
516 3369 569 3435 vo
590 3370 697 3456 scyta
716 3367 900 3455 supplevit),
925 3367 989 3433 sva
1012 3367 1165 3456 (epae),
1186 3366 1319 3433 41117
1344 3366 1441 3453 (oya)
1457 3367 1498 3433 u.
1522 3379 1605 3434 ceta-

202 3496 273 3538 rum
297 3473 338 3538 de
361 3473 423 3539 hoc
445 3497 507 3539 usu
530 3474 571 3539 cf.
589 3473 627 3540 0.
645 3472 826 3539 Schneider
847 3472 993 3561 prolegg.
1010 3495 1041 3559 p.
1061 3471 1132 3537 104.
1176 3471 1217 3537 de
1239 3474 1331 3537 tertio
1354 3480 1463 3538 autem
1484 3496 1605 3559 genere

201 3576 301 3643 fusius
325 3581 460 3663 exposui
481 3602 514 3665 p.
532 3578 583 3643 24.

303 3682 344 3747 V.
367 3682 442 3748 Non
463 3706 536 3749 raro
559 3705 617 3768 pro
639 3684 798 3770 genetivis
821 3681 1097 3748 substantivorum
1118 3679 1281 3746 adiectiva
1308 3680 1517 3765 adhibentur,
1540 3682 1605 3769 ple·

200 3808 335 3874 rumque
357 3789 412 3872 ita,
436 3797 472 3853 ut
492 3787 603 3875 planta
623 3787 793 3874 quaedam,
817 3789 908 3853 cuius
927 3787 1011 3868 folia,
1035 3786 1173 3870 radices,
1195 3785 1278 3851 aliae
1293 3795 1402 3873 partes
1417 3786 1460 3852 ad
1475 3788 1605 3854 meden-

202 3889 279 3956 dum
301 3890 394 3957 utiles
418 3902 501 3973 sunt,
526 3893 733 3979 significetur.
769 3892 863 3957 huius
885 3913 963 3957 usus
987 3891 1056 3957 dux
1077 3890 1138 3956 fuit
1152 3892 1324 3975 Homerus,
1348 3914 1391 3957 ex
1414 3914 1477 3977 quo
1499 3916 1605 3980 pauca

200 4004 324 4061 tantum
348 3996 498 4083 exempla
520 3996 562 4061 ad
585 3995 736 4061 animalia
758 3998 953 4083 pertinentia
974 3996 1104 4063 adferre
1126 3995 1205 4062 mihi
1226 3999 1268 4067 iu¹
1282 3998 1390 4061 animo
1414 4006 1472 4062 est.
1507 3997 1606 4063 veluti

200 4100 397 4166 adiectivum
419 4102 528 4182 βόειος
549 4102 691 4186 genetivi
712 4102 792 4184 βοός
813 4099 883 4165 loco
907 4110 1019 4166 extare
1042 4100 1191 4165 videmus
1212 4103 1243 4167 Δ
1257 4099 1321 4165 122
1337 4099 1468 4188 (νεῦρα),
1495 4101 1559 4165 ¹1¹7
1564 4101 1604 4165 77

200 4204 323 4291 (ὄνθος,
347 4206 388 4271 cf.
416 4208 448 4269 Ψ
469 4205 532 4269 775
554 4209 642 4287 βοῶν
664 4203 787 4291 ὄνθος),
811 4204 829 4282 ξ
852 4206 895 4268 24
918 4205 1043 4291 (δέρμα,
1067 4205 1107 4269 cf.
1136 4209 1156 4269 I
1176 4204 1249 4289 548,
1272 4233 1289 4270 v
1311 4205 1386 4290 436,
1414 4209 1447 4270 Ψ
1467 4205 1531 4271 780
1552 4205 1605 4272 κέ-

200 4334 241 4393 ρα
255 4310 356 4397 βοός),
379 4309 514 4390 ἵππειος
527 4311 671 4395 genetivi
686 4308 792 4375 ἵππου
813 4309 883 4375 loco
899 4314 938 4373 Λ
953 4309 1026 4392 536,
1054 4308 1151 4387 7501
1169 4306 1309 4397 (ὁπλαὶ),
1332 4314 1367 4377 Κ
1380 4309 1444 4374 568
1461 4308 1593 4398 (φάτνῃ)

305 4553 326 4621 ¹)
344 4556 392 4606 ubi
410 4556 546 4623 participii
569 4554 681 4607 liberius
704 4555 825 4622 usurpati
843 4557 946 4606 ratione
969 4554 1061 4605 habita
1078 4552 1230 4623 προτομών
1253 4571 1359 4621 quoque
1376 4555 1402 4622 (ο
1420 4573 1445 4607 v.
1464 4557 1526 4623 599)
1545 4573 1607 4623 sup·

200 4642 270 4709 pleri
288 4647 381 4707 potest.
