3542 5059
1510 170 1570 235 107

273 364 339 430 Sed
367 386 563 450 quamquam
591 363 653 427 hac
684 363 908 429 observatione
935 387 1013 428 sane
1044 367 1175 450 egregia
1202 386 1351 448 magnam
1380 363 1571 427 scholiorum

166 478 293 554 partem
314 478 427 554 postea
450 470 679 534 commentario
703 468 862 533 adiectam
886 491 957 532 esse
980 470 1150 552 evincitur,
1173 478 1283 534 tamen
1305 490 1510 555 nequaquam
1533 491 1571 533 ea

167 574 286 639 sufficit
319 573 362 637 ad
400 573 593 639 scholiorum
627 575 889 658 compositionem
923 583 1011 638 recte
1045 573 1288 639 aestimandam.
1335 595 1436 659 quare
1469 572 1570 637 altera

167 701 296 764 quoque
319 680 477 743 sententia
500 681 533 743 in
555 678 711 742 auxilium
733 678 883 742 vocanda
906 688 963 762 111,
988 701 1052 764 qua
1074 678 1117 743 ad
1140 681 1274 764 pristina
1297 678 1418 742 scholia
1441 677 1503 742 alia
1525 677 1569 740 di·

163 785 250 848 versi
273 785 454 869 argumenti
481 807 501 848 a
525 783 662 848 diversis
685 783 870 847 auctoribus
898 783 1043 869 profecta
1057 786 1242 848 accessisse
1270 785 1426 848 statuitur.
1471 782 1568 868 longa

165 889 251 951 enim
279 890 377 952 series
404 889 566 952 invenitur
594 886 796 971 scholiorum,
824 909 916 973 quae
935 887 978 952 ad
1001 911 1053 952 res
1074 890 1312 975 grammaticas,
1341 887 1382 951 ad
1410 889 1568 951 actionem

164 995 357 1078 scaenicam,
386 992 429 1057 ad
451 995 749 1079 interpretationem
778 992 988 1058 aestheticam
1017 1015 1100 1079 quae
1123 1003 1267 1075 vocatur,
1296 991 1339 1056 ad
1362 1002 1463 1057 artem
1486 992 1567 1056 criti-

164 1121 247 1181 cam,
269 1098 473 1182 rhetoricam,
496 1097 539 1161 ad
560 1097 794 1183 philosophiam
818 1107 975 1183 spectant,
999 1098 1160 1183 quaedam
1183 1097 1299 1183 quibus
1322 1095 1431 1160 fabula
1449 1096 1568 1160 Latina

164 1225 238 1266 cum
256 1202 384 1269 Graeca
400 1212 614 1287 comparatur,
632 1201 755 1268 similia.
790 1204 898 1287 itaque
918 1203 959 1266 H.
977 1203 1105 1269 Usener
1121 1202 1218 1286 (Mus.
1236 1201 1339 1266 Rhen.
1355 1201 1473 1265 XXIH
1488 1198 1566 1286 495)

162 1310 284 1393 primus
307 1306 427 1372 scholia
450 1307 610 1372 rhetorica
633 1309 750 1393 optime
774 1309 948 1371 convenire
972 1306 1137 1373 contendit
1159 1308 1287 1372 Donato
1314 1314 1423 1391 utpote
1451 1306 1567 1369 oratori

163 1411 253 1476 urbis
276 1412 408 1476 Romae.
454 1411 512 1476 sed
539 1435 617 1476 num
643 1411 699 1475 tali
728 1421 917 1497 argumento
945 1411 1026 1476 fides
1049 1412 1162 1476 haberi
1184 1413 1292 1497 possit,
1321 1433 1395 1474 cum
1418 1410 1565 1474 Donatus

160 1525 208 1580 tot
226 1517 303 1580 locis
322 1519 551 1601 grammaticus
572 1525 649 1602 quot
669 1526 776 1581 orator
791 1515 1014 1602 nominatur,¹)
1038 1516 1188 1602 equidem
1205 1515 1325 1580 dubito.
1371 1513 1457 1579 adde
1478 1513 1565 1599 quod

160 1621 203 1685 H.
226 1619 448 1705 Gerstenberg
473 1623 507 1685 iu
534 1620 755 1685 dissertatione
784 1642 867 1705 quae
895 1620 1094 1685 inscribitur:
1127 1614 1191 1685 ‘De
1213 1619 1400 1705 Eugraphio
1422 1619 1564 1683 Terentii

160 1719 347 1810 interprete'
369 1725 467 1788 lenae
490 1747 519 1788 a.
538 1723 621 1788 1886
644 1727 677 1789 iu
700 1725 805 1789 lucem
828 1727 946 1789 emissa
969 1724 1013 1810 (p.
1030 1724 1173 1812 56-79)
1197 1724 1317 1789 scholia
1339 1724 1499 1788 rhetorica
1520 1744 1563 1786 ex

161 1829 349 1915 Eugraphio
373 1839 529 1915 excerpta
552 1852 622 1893 csse
645 1830 807 1894 luculente
831 1829 1071 1895 demonstravit.
1117 1829 1235 1894 deinde
1258 1830 1299 1895 G.
1315 1828 1413 1894 Hahn
1437 1826 1563 1890 duobus

160 1934 274 2000 libellis
298 1935 460 2019 confectis,
485 1936 540 2019 qui
563 1926 641 1998 ‘Zur
660 1933 1071 2019 Entstehungsgeschichte
1092 1934 1150 1998 der
1170 1932 1317 1999 Scholien
1338 1932 1396 1996 des
1414 1932 1562 1997 Donatus

160 2063 235 2104 zum
256 2033 394 2104 Terenz'
421 2038 641 2104 inscribuntur
669 2037 770 2125 (prior
792 2063 820 2104 a.
840 2037 925 2103 1870
951 2038 1182 2122 Halberstadii,
1210 2038 1290 2103 alter
1311 2061 1340 2102 a.
1359 2037 1443 2101 1872
1466 2036 1561 2102 Stral·

160 2143 295 2208 sundiae
317 2142 448 2229 prodiit)
471 2146 505 2208 in
528 2167 567 2208 ea
590 2143 721 2227 scholia,
746 2142 862 2230 quibus
884 2142 926 2207 de
942 2144 1054 2228 figuris
1077 2146 1225 2209 orationis
1248 2145 1364 2228 agitur,
1387 2143 1559 2228 inquisivit.

159 2269 243 2333 quae
271 2250 310 2333 ei,
340 2271 416 2322 cum
441 2249 474 2312 in
497 2249 618 2313 Donati
645 2257 713 2313 arte
742 2247 1155 2335 ((11.11393-402)
1183 2247 1223 2313 de
1251 2247 1354 2313 isdem
1381 2247 1478 2312 rebus
1506 2271 1559 2311 ex-

157 2361 305 2439 ponatur,
326 2353 454 2417 Donato
474 2352 647 2418 tribuenda
667 2375 738 2417 esse
754 2353 958 2444 videbantur.
1005 2353 1063 2419 sed
1083 2377 1159 2418 mox
1175 2355 1361 2439 quaestione
1376 2353 1559 2416 accuratius

158 2460 302 2523 instituta
334 2460 529 2544 paucissima
562 2458 605 2522 ad
635 2459 800 2523 Donatum
830 2458 937 2523 redire
967 2457 1163 2545 intellexit.²)
1209 2468 1241 2523 et
1269 2458 1420 2544 profecto·
1446 2467 1560 2543 quater

159 2571 284 2627 tantum
306 2565 339 2627 in
366 2572 435 2628 arte
458 2563 600 2627 Terentii
628 2565 709 2628 ratio
736 2563 847 2628 habita
871 2574 934 2642 est,
964 2563 1023 2628 hos
1051 2566 1135 2628 enim
1162 2563 1258 2647 locos,
1285 2570 1321 2627 ut
1347 2563 1471 2648 figurae
1495 2584 1562 2626 ora-

160 2669 252 2732 tionis
275 2666 520 2752 illustrarentur,
544 2667 666 2733 adlatos
690 2690 761 2732 esse
784 2670 945 2733 invenies:
968 2692 1000 2754 p.
1017 2668 1125 2752 395‚1
1151 2668 1341 2751 1111111114,
1358 2668 1414 2750 303
1437 2690 1468 2753 p.
1486 2666 1561 2750 400,

163 2774 199 2835 11
217 2772 301 2836 Eun.
317 2772 385 2836 IIII
400 2771 430 2856 5,
448 2772 481 2853 63
505 2795 536 2857 p.
553 2772 627 2856 402,
646 2772 686 2835 12
708 2772 918 2856 Phorm.12,
935 2772 986 2857 28,
1008 2772 1071 2837 Ad.
1088 2773 1156 2836 IIII
1174 2775 1201 2856 1,
1218 2772 1272 2836 21.
1306 2775 1371 2836 iam
1394 2775 1420 2835 si
1443 2771 1563 2835 scholia

160 2886 296 2963 spectas,
320 2877 422 2942 tribus
442 2875 520 2941 locis
539 2879 616 2942 item
636 2878 757 2962 figuras
777 2877 951 2942 illustratas
971 2876 1083 2962 habes,
1107 2876 1149 2941 ad
1165 2877 1309 2941 Andriae
1330 2887 1437 2941 autem
1457 2876 1563 2940 locum

160 2980 239 3046 nihil
261 2981 418 3046 eiusmodi
440 2981 628 3046 adnotatum
652 2991 716 3046 est.¹
755 2982 813 3047 sed
836 2983 973 3047 fortasse
995 3005 1082 3047 nunc
1105 2984 1200 3067 pauci
1223 2991 1348 3046 tautum
1369 2980 1431 3045 loci
1446 2981 1564 3045 Teren-

160 3087 238 3150 tiani
257 3087 290 3150 in
310 3095 378 3150 arte
395 3095 567 3172 propterea
583 3085 878 3172 deprehenduntur,
902 3087 988 3172 quod
1008 3110 1071 3152 non
1087 3089 1228 3173 genuina
1244 3110 1292 3166 ea,
1314 3086 1371 3151 1111
1391 3095 1565 3151 retractata

160 3189 204 3255 ad
229 3212 286 3255 nos
314 3193 470 3277 pervenit.
516 3200 625 3255 tamen
653 3213 711 3255 cur
738 3214 812 3255 cum
838 3191 990 3256 Teuhero
1014 3192 1058 3278 (p.
1078 3191 1132 3279 12)
1164 3192 1318 3257 eiusmodi
1350 3193 1564 3278 expositiones

160 3294 339 3379 magistello
366 3294 421 3380 illi,
449 3316 546 3380 quem
573 3296 634 3361 sibi
660 3305 767 3360 mente
795 3296 898 3379 finxit,
926 3296 1158 3380 adscribamus,
1185 3296 1273 3362 nulla
1299 3298 1443 3383 profecto
1466 3318 1566 3361 causa

160 3399 309 3484 indagari
323 3409 436 3486 potest.
473 3400 593 3466 scholia
609 3424 692 3487 quae
708 3401 752 3466 ad
767 3405 927 3466 actionem
942 3405 1125 3466 scaenicum
1140 3405 1301 3488 pertinent
1320 3405 1425 3466 omnia
1440 3404 1479 3468 F.
1495 3403 1565 3466 Leo

161 3503 259 3590 (Mus.
275 3503 379 3570 Rhen.
403 3505 586 3569 XXXVIII
608 3506 672 3571 330
688 3505 750 3592 sq.)
778 3506 819 3573 ab
848 3529 912 3570 uno
940 3518 1072 3571 auctore
1103 3509 1283 3593 conscripta
1313 3529 1382 3571 1111
1405 3506 1566 3589 adfirmat,

161 3610 300 3694 primum
323 3609 409 3695 quod
425 3632 583 3696 nusquam
608 3610 684 3675 bina
701 3614 871 3676 coniuncta
895 3613 958 3676 sint
980 3613 1039 3676 nisi
1056 3614 1109 3694 ita,
1133 3621 1168 3676 ut
1190 3635 1290 3676 unum
1313 3635 1355 3675 ex
1370 3611 1470 3677 altero
1493 3634 1565 3676 con·

161 3722 300 3778 tractum
323 3712 402 3799 1113)
426 3714 544 3779 deinde
569 3714 655 3800 quod
677 3717 710 3780 in
734 3718 779 3780 eis
803 3716 965 3802 quaedam
987 3715 1179 3781 indicendo
1203 3716 1424 3782 similitudines
1446 3717 1566 3781 inveni·

163 3827 268 3901 antur,
296 3817 374 3882 bina
396 3819 498 3883 verba
525 3822 569 3884 ita
593 3820 750 3905 copulata,
774 3831 810 3886 ut
832 3844 986 3907 praesens
1013 3822 1157 3887 futurum
1185 3830 1348 3908 sequatur,
1375 3821 1475 3886 veluti
1501 3821 1565 3886 Ad.

266 4043 286 4110 ¹)
304 4048 495 4111 grammaticus
525 4049 679 4098 nominatur
703 4050 825 4099 Donatus
852 4051 886 4101 ab
912 4050 1078 4116 Hieronymo
1102 4053 1131 4100 in
1156 4051 1281 4100 chronico
1310 4049 1355 4116 (ol.
1378 4047 1519 4114 28331314
1541 4067 1565 4115 p.

162 4133 223 4184 Chr.
237 4132 286 4199 11),
303 4135 332 4184 iu
346 4134 482 4184 codicibus
500 4137 565 4185 artis
584 4135 627 4202 (cf.
643 4137 705 4186 Keil
719 4138 750 4189 G.
764 4138 795 4186 L.
808 4137 863 4186 1111
875 4154 900 4202 p.
911 4137 1033 4204 XXXX),
1051 4140 1080 4187 in
1094 4139 1231 4188 codicibus
1246 4138 1408 4189 scholiorum
1420 4137 1568 4188 Bodleiano

163 4221 202 4286 (in
221 4222 404 4271 commentarii
422 4221 456 4270 ad
469 4221 656 4272 Phormionem
669 4223 747 4273 initio
767 4228 793 4273 et
811 4223 873 4285 fine,
892 4224 926 4274 cf.
940 4226 1070 4275 Daiatako
1083 4226 1151 4274 Ann.
1164 4225 1230 4291 phil.
1243 4225 1329 4290 suppl.
1341 4226 1367 4275 X
1379 4227 1438 4285 677,
1457 4225 1517 4275 adn.
1531 4225 1568 4291 2),

163 4308 296 4358 Vaticano
314 4309 434 4374 Reginae
452 4309 499 4360 lat.
516 4310 592 4372 1496,
610 4310 786 4360 Riccardiano
806 4313 857 4360 669
882 4311 1088 4377 (11.8111111111111
1106 4313 1133 4362 11
1153 4314 1187 4361 44
1206 4318 1233 4361 11
1251 4311 1304 4376 47),
1323 4317 1416 4362 contra
1434 4318 1522 4363 orator
1539 4314 1568 4362 in

162 4394 298 4445 Parisiaco
317 4395 361 4462 (cl.
374 4396 514 4458 Dziatzlm,
532 4397 599 4447 Mus.
614 4397 699 4447 Rhen.
713 4398 844 4447 XXVIIII
862 4398 926 4465 447)
945 4404 972 4449 11
984 4400 1115 4450 Vaticano
1134 4399 1207 4465 bybl.
1224 4404 1278 4448 ant.
1292 4400 1351 4449 Vat.
1369 4399 1415 4452 lat.
1434 4402 1502 4450 2905
1523 4401 1567 4466 (cf.

163 4481 311 4532 Sabbadini
327 4483 353 4531 11
371 4481 426 4547 46).

267 4565 288 4628 'l
307 4569 368 4620 111
387 4569 433 4634 153
452 4570 479 4619 11
499 4572 531 4620 13
543 4587 599 4636 sqq.

267 4651 290 4720 8)
309 4655 379 4706 11111
397 4657 597 4722 Α11111.Ι1,61,
616 4658 741 4720 1111111,
757 4661 784 4723 1;
804 4658 844 4708 111
863 4662 917 4721 1,3
936 4658 990 4708 alio
1009 4660 1085 4711 modo
1104 4661 1228 4726 explicat.
