3542 5059
205 217 266 282 128

201 434 257 475 nec
280 413 460 475 1111111111
482 434 590 475 111111
613 413 673 476 deo
696 436 752 476 uec
775 413 912 499 11191111
935 410 1039 475 cubili
1060 423 1113 476 est.
1152 411 1234 477 haec
1255 411 1422 478 adnotavit
1441 408 1601 501 Probus'),

201 517 362 581 Phorm.I
385 517 452 600 3,3
475 509 586 603 (quod
607 521 639 582 ni
661 518 793 582 fuissem
815 520 1009 604 incogitans:
1032 519 1211 602 incogitans
1233 521 1431 583 temerarius.
1476 518 1602 583 Probus

201 613 401 708 ‘incogitans'
430 623 532 707 inquit
562 614 769 704 ί1111111111,
800 633 833 687 at
855 645 920 687 non
943 623 1057 687 eodem
1084 622 1179 686 modo
1202 617 1394 710 cogitans”),
1424 624 1553 688 Phorm.
1570 624 1602 688 ΙΙ

201 726 232 806 3,
248 727 290 791 25
311 719 418 813 (male
438 725 524 811 loqui
544 749 601 811 pro
622 726 704 790 male
726 727 843 792 dicere.
890 737 922 792 et
942 730 1067 813 quaerit
1086 727 1212 791 Probus
1232 731 1303 814 quis
1323 738 1397 793 ante
1414 729 1602 793 Terentium

201 824 353 917 dixerit'),
377 830 599 910 PhormV9,
618 832 657 894 16
681 825 750 918 (‘mi
780 832 885 916 homo,
917 832 949 897 di
979 833 1093 896 melius
1124 832 1228 897 duint:
1260 835 1385 919 quaerit
1407 832 1533 897 Probus
1560 857 1603 897 an

199 946 346 1001 matrona
364 945 430 999 tam
445 935 643 1000 familiariter
657 929 712 1000 ‘mi
727 933 832 1001 homo'
852 947 940 1001 recte
956 936 1044 1001 111111
1063 937 1177 1018 alieno,
1198 937 1256 1001 sed
1271 932 1425 1024 frustra’).
1464 937 1602 1023 denique

199 1041 302 1105 Andr.
319 1040 387 1106 IIII
407 1041 436 1122 3,
453 1040 483 1123 5,
508 1062 570 1126 quo
586 1041 656 1105 loco
672 1041 802 1126 legitur:
826 1034 981 1106 ‘dolorem
997 1041 1057 1128 (sic
1074 1042 1124 1106 ed.
1141 1043 1307 1128 princeps)
1324 1042 1484 1127 distingue
1500 1041 1601 1128 probe

200 1157 232 1210 et
261 1155 334 1232 post
362 1145 467 1209 intulit
497 1148 668 1229 separatim
700 1146 786 1232 quod
816 1143 969 1233 sequitur'
999 1145 1229 1232 Umpfenbach
1259 1142 1438 1232 ‘distinguit
1467 1141 1603 1211 Probus’

201 1253 336 1336 scripsit,
364 1251 424 1314 nisi
449 1251 531 1314 forte
554 1243 728 1337 ‘distingue
752 1248 889 1316 Probus'
912 1251 1121 1316 scribendum
1147 1261 1204 1337 est,
1233 1262 1267 1316 ut
1288 1252 1430 1316 Probum
1456 1267 1528 1337 post
1550 1244 1602 1317 la·
1633 1237 1637 1243 ’

199 1351 321 1421 borem’
345 1356 539 1442 distinguere
567 1358 696 1420 iussisse
720 1358 932 1442 significetur3
960 1380 1035 1421 nam
1058 1357 1195 1421 verbum
1223 1356 1351 1421 dicendi
1375 1356 1469 1420 facile
1496 1367 1602 1421 mente

198 1460 340 1545 intellegi
362 1470 475 1546 potest.
521 1461 554 1524 hi
577 1461 638 1524 loci
662 1484 771 1526 omnes
794 1485 837 1525 ex
860 1464 1097 1527 commentariis
1113 1463 1316 1526 Terentianis
1334 1461 1494 1547 desumpti
1514 1471 1601 1544 sunt3

200 1588 275 1629 nam
295 1588 369 1629 111111
389 1565 430 1630 de
450 1568 565 1630 ceteris
585 1588 637 1629 res
658 1576 746 1630 certa
767 1569 815 1651 sit,
840 1569 987 1652 quintum
1002 1589 1127 1653 quoque
1148 1566 1286 1631 eandem
1306 1567 1465 1652 originem
1480 1565 1602 1631 habere

201 1693 297 1755 quam
320 1673 461 1734 maxime
485 1669 653 1756 probabile
678 1680 754 1761 est„

305 1775 579 1840 Commemoratur
608 1786 776 1862 praeterea
806 1800 825 1840 a
852 1777 980 1841 Donato
1006 1777 1156 1862 Nigidius
1186 1777 1289 1841 tribus
1318 1777 1409 1840 loeis:
1441 1775 1604 1841 Phorm.I

199 1881 269 1964 4,4
296 1873 381 1945 ‘nam
409 1904 472 1945 non
501 1890 604 1966 potest
627 1881 737 1946 celari:
769 1882 918 1966 Nigidius
947 1881 1044 1945 celari
1068 1884 1193 1967 quaerit
1215 1891 1322 1945 utrum
1344 1881 1476 1967 plenum
1499 1883 1539 1945 sit
1561 1903 1603 1945 an

199 1981 368 2070 pressum,³
376 1985 401 2072 ¹)
424 1985 553 2050 Phorm.
571 1987 586 2050 I
608 1987 639 2070 4,
659 1988 697 2052 13
721 1979 807 2051 ‘hine
823 2010 873 2050 me
891 1989 1074 2051 conicerem
1089 1990 1235 2073 protinus
1250 1990 1283 2050 in
1298 1987 1414 2071 pedes:
1432 1986 1604 2072 protinam

199 2091 268 2154 fuit.
304 2093 349 2154 sic
372 2091 521 2176 Nigidius
548 2086 645 2175 legit',
673 2092 802 2155 Phorm.
820 2092 852 2155 ΙΙ
877 2092 943 2174 1,3
970 2085 1122 2156 ‘revereri
1145 2092 1268 2174 saltem,
1296 2114 1360 2155 non
1382 2091 1520 2177 pudere:
1550 2090 1604 2154 hie

200 2195 347 2278 Nigidius
371 2195 537 2259 adnotavit
559 2198 720 2259 neminem
736 2195 840 2259 videri
862 2196 986 2281 pudere
1010 2207 1085 2260 aute
1109 2192 1281 2260 delictum'.
1317 2219 1355 2259 11
1380 2196 1459 2260 duas
1482 2198 1604 2280 priores

199 2299 422 2364 adnotationes
453 2302 570 2385 optime
601 2301 706 2364 locum
736 2300 857 2364 habere
888 2303 1029 2385 potuisse
1059 2303 1092 2364 in
1123 2303 1357 2365 commentariis
1386 2303 1603 2386 grammaticis

199 2403 329 2489 Nigidii,
354 2427 489 2490 quorum
512 2407 706 2469 mentionem
729 2405 807 2469 facit
829 2404 954 2469 Gellius
977 2407 1017 2470 N.
1034 2406 1074 2470 A.
1091 2406 1125 2468 X
1148 2406 1212 2489 5,1
1241 2427 1335 2469 nemo
1362 2415 1438 2490 puto
1461 2404 1603 2489 negabit.

200 2509 286 2595 quod
309 2509 351 2573 ad
374 2513 502 2574 tertium
524 2510 631 2574 locum
654 2510 786 2594 adtinet,
810 2502 884 2574 ‘hic'
907 2520 995 2575 certe
1017 2510 1104 2574 idem
1127 2511 1286 2595 significat
1308 2509 1395 2594 quod
1414 2502 1492 2573 ‘ubi’
1507 2519 1604 2595 atque

198 2615 242 2677 ita
266 2623 469 2700 comparatus
497 2617 594 2678 estis
623 2615 722 2698 locus,
753 2623 788 2678 ut
815 2638 857 2678 ex
886 2617 1113 2679 commentario
1140 2617 1173 2678 in
1200 2616 1387 2678 Terentium
1415 2613 1604 2699 desumptus

201 2741 272 2782 esse
295 2718 398 2784 videri
422 2722 529 2803 possit.
576 2719 634 2782 sed
662 2722 688 2782 si
712 2719 852 2784 Gellium
874 2721 914 2782 N.
932 2720 972 2785 A.
989 2720 1056 2783 XII
1082 2721 1121 2781 14
1148 2721 1343 2804 respexeris,
1375 2741 1437 2804 quo
1459 2718 1529 2782 loco
1552 2717 1604 2780 ille

199 2823 297 2888 refert
320 2826 352 2888 in
376 2823 497 2909 Nigidii
521 2826 758 2888 commentariis
781 2826 999 2910 grammaticis
1021 2823 1086 2908 legi
1108 2816 1244 2887 ‘saltem'
1268 2846 1338 2887 esse
1362 2815 1399 2886 ‘si
1421 2818 1524 2887 aliter'
1545 2844 1605 2908 per

201 2929 429 3012 defectionem
457 2952 533 2992 nam
561 2928 689 3014 plenam
717 2951 787 2992 esse
816 2931 1006 3014 sententiam
1035 2920 1072 2992 ‘si
1095 2928 1186 2992 aliter
1208 2950 1271 2992 non
1294 2923 1419 3013 potest',
1428 2926 1454 3014 ²)
1477 2950 1520 2991 ex
1541 2927 1604 2991 hoc

199 3036 500 3098 commentariorum
527 3033 596 3097 loco
625 3057 696 3097 eam
724 3033 964 3098 adnotationem
990 3033 1213 3118 depromptam
1241 3055 1312 3096 esse
1335 3032 1412 3096 mihi
1435 3031 1603 3096 concedes.

199 3141 317 3202 etenim
339 3141 372 3202 in
395 3138 456 3202 hoc
471 3139 672 3202 Phormionis
696 3161 793 3202 versu
815 3130 952 3203 ‘saltem'
973 3138 1091 3222 legitur
1114 3148 1211 3223 atque
1235 3138 1310 3201 inde
1333 3146 1422 3222 patet
1437 3134 1604 3222 Nigidium

198 3246 231 3307 in
252 3245 486 3308 commentariis
507 3245 725 3328 grammaticis
745 3245 954 3328 originatione
975 3246 1062 3307 vocis
1083 3234 1218 3306 ‘saltem'
1239 3242 1372 3327 prolata,
1395 3251 1430 3305 ut
1449 3264 1518 3305 rem
1537 3241 1604 3304 illu-

198 3358 323 3433 straret,
354 3349 440 3412 bunc
471 3350 615 3413 Terentii
645 3372 775 3412 versum
805 3347 959 3413 adtulisse
991 3350 1123 3432 eiusque
1154 3349 1346 3410 sententiam
1376 3346 1602 3431 explicavisse.

197 3462 284 3518 11111
311 3455 407 3538 igitur
434 3453 584 3538 Schopen
612 3475 642 3539 p.
660 3454 699 3515 41
718 3475 764 3538 sq.
794 3435 959 3537 Nigidium
987 3475 1028 3515 ex
1057 3453 1200 3516 Terentii
1229 3453 1439 3536 interpretum
1469 3473 1603 3515 numero

198 3557 406 3623 eximendum
431 3580 500 3622 esse
524 3561 640 3623 statuit.
687 3580 791 3642 neque
816 3580 892 3622 vero
909 3558 1073 3621 Donatum
1097 3580 1135 3620 ea
1159 3578 1241 3641 quae
1265 3579 1307 3619 ex
1330 3555 1460 3640 Nigidio
1483 3554 1604 3619 rettulit

198 3687 240 3727 ex
267 3666 344 3748 ipsis
372 3665 440 3727 eius
469 3665 703 3727 commentariis
731 3662 886 3746 hausisse,
915 3661 972 3726 sed
1000 3685 1043 3726 ex
1071 3663 1306 3726 commentariis
1329 3669 1476 3725 veterum
1499 3682 1603 3744 gram·

198 3771 397 3852 maticorum,
421 3768 556 3832 fortasse
579 3767 678 3832 Probi
702 3769 875 3852 sumpsisse
901 3776 1023 3831 certum
1048 3776 1104 3830 est.

299 3875 413 3938 Restat
429 3872 550 3937 Adesio
574 3871 854 3954 1111111114,ἳῖ
879 3880 1154 3952 commemoratus„
1179 3892 1241 3956 quo
1264 3869 1334 3933 loco
1357 3868 1468 3933 fabula
1484 3869 1604 3932 Latina

197 4001 271 4043 cum
300 3977 428 4043 Graeca
459 3986 671 4062 comparatur.
719 3979 889 4061 opponitur
916 3986 1023 4040 autem
1051 3975 1144 4039 huius
1172 3977 1331 4039 sententia
1359 3977 1397 4058 ei,
1430 3996 1527 4058 quam
1549 3973 1603 4037 alii

196 4084 368 4149 Menandri
384 4083 485 4147 verba
501 4084 602 4146 secuti
617 4084 821 4167 proposuisse
838 4081 998 4145 dicuntur.
1037 4090 1222 4164 corruptum
1242 4088 1351 4142 autem
1371 4101 1441 4142 esse
1457 4070 1601 4144 (11111111-

195 4185 281 4253 nem’
304 4199 392 4253 recte
417 4188 498 4252 dixit
521 4187 670 4272 Schopen
696 4209 725 4270 p.
742 4185 793 4249 42.
841 4209 938 4271 quam
967 4185 1006 4248 ob
1035 4208 1104 4248 rem
1127 4184 1361 4248 restituendum
1388 4205 1459 4247 esse
1482 4174 1601 4247 ‘autem

196 4288 369 4359 Acronem'
392 4296 573 4378 suspicatus
597 4314 681 4374 sum;
707 4290 764 4354 sed
788 4289 865 4354 nihil
887 4293 957 4376 ipse
980 4290 1035 4354 tali
1059 4299 1237 4354 commento
1261 4289 1376 4352 tribuo.

301 4468 321 4536 ¹)
340 4471 500 4520 sententiam
523 4469 603 4518 huius
626 4467 678 4517 1111
697 4467 814 4532 explieat
831 4467 861 4515 A.
881 4466 1011 4516 Swoboda
1034 4463 1076 4517 ‘P.
1094 4466 1196 4531 Nigidii
1213 4465 1304 4531 Figuli
1327 4479 1437 4529 operum
1461 4457 1601 4526 reliquiae'

217 4559 348 4608 ,81111

197 4577 214 4625 p
299 4644 321 4712 ²)
340 4647 374 4696 of.
393 4647 424 4696 L.
442 4645 559 4696 Merklin
578 4643 647 4694 Anu.
665 4643 731 4708 phil.
751 4642 837 4709 suppl.
855 4643 896 4692 III
914 4644 972 4706 689,
996 4643 1032 4692 Μ.
1049 4643 1133 4691 Hertz
1157 4643 1185 4690 111
1204 4640 1273 4691 libro
1292 4639 1325 4689 de
1342 4640 1372 4688 P.
1389 4637 1493 4705 Nigidii
1510 4635 1602 4701 Figuli

195 4734 290 4785 studiis
308 4741 389 4798 atque
408 4733 532 4798 operibus
551 4749 575 4796 p.
591 4733 623 4780 20
636 4746 682 4794 sq,
701 4730 830 4780 Swoboda
849 4748 872 4795 p.
889 4733 920 4777 19
934 4747 971 4795 aq.
