3542 5059
1542 176 1583 240 97

188 373 352 434 nominum
383 371 592 455 originatione
624 391 662 434 ea
692 377 816 433 tantum
847 392 930 457 quae
960 370 1101 433 maxime
1129 370 1312 433 necessaria
1338 378 1413 432 sunt
1440 368 1591 453 explicat,

189 495 272 559 quac
293 483 401 538 autem
420 465 560 559 ‘proprie
576 471 617 536 de
633 472 800 560 tragoedia
821 472 961 538 dicenda
976 483 1051 538 sunt
1064 473 1154 538 titulo
1174 474 1328 559 propositi
1344 474 1449 559 operis
1469 475 1591 537 instans

188 579 221 641 in
244 578 307 642 alia
328 588 474 664 tempora
497 573 615 642 differt'
639 577 679 643 de
703 578 830 662 fabulis,
859 601 940 666 quas
963 579 1135 644 Terentius
1157 579 1297 643 imitatus
1322 587 1379 662 est,
1408 575 1591 664 dicturus.¹)

188 692 285 768 atque
312 683 367 746 ubi
394 685 427 747 in
455 682 640 748 comoediae
668 683 843 768 generibus
867 683 1069 770 explicandis
1092 682 1135 747 ad
1157 705 1275 748 novam
1300 682 1498 748 comoediam
1522 705 1592 769 per·

188 791 286 873 venit,
311 810 393 874 quae
416 779 601 874 <praecipue
624 787 795 853 Menandri
818 789 1026 874 Terentiique
1049 785 1118 872 est’,
1146 810 1343 874 quamquam
1365 786 1466 852 multa
1489 786 1530 851 de
1553 810 1592 851 ea

189 892 329 957 dicenda
362 916 433 959 esse
462 893 590 977 fatetur,
626 902 734 957 tamen
750 894 793 957 ei
824 894 943 958 sufficit
969 886 1084 958 ‘veluti
1111 893 1306 958 admonendi
1335 893 1463 958 lectoris
1494 914 1592 957 causa

190 997 277 1083 quod
301 997 342 1062 de
366 1007 434 1064 arte
458 1001 581 1063 comica
590 996 616 1085 ²)
639 1001 673 1062 in
689 1007 836 1063 veterum
859 999 978 1063 chartis
1002 1000 1182 1063 continetur
1205 992 1380 1085 exponere'
1403 997 1447 1084 (5,
1464 997 1506 1061 20
1518 995 1590 1082 sq).

189 1103 251 1167 hac
279 1105 376 1190 igitur
402 1126 437 1168 re
465 1104 611 1189 perfecta
637 1102 681 1188 (5,
699 1103 816 1186 22-7,
840 1101 874 1190 6)
906 1126 990 1188 quae
1018 1103 1078 1167 sibi
1105 1105 1270 1189 proposuit
1296 1104 1432 1188 scriptor
1457 1101 1593 1188 perfecit

190 1229 295 1293 neque
330 1211 504 1294 quicquam
537 1217 707 1293 praeterea
741 1231 815 1273 eum
845 1210 1066 1294 expositurum
1098 1230 1169 1271 esse
1200 1217 1419 1294 expectamus.
1466 1206 1593 1271 accedit

189 1311 251 1376 alia
285 1334 346 1376 res.
393 1335 467 1377 cum
500 1313 532 1376 in
566 1315 752 1377 universum
785 1312 939 1377 iudicanti
949 1311 975 1398 ³)
1009 1314 1187 1377 sententiae
1220 1333 1322 1399 usque
1350 1310 1392 1374 ad
1420 1308 1450 1391 7,
1474 1310 1591 1396 eapte

189 1419 272 1480 inter
292 1439 327 1481 se
343 1419 517 1503 excipiant,
537 1418 570 1481 in
591 1419 636 1482 eis
653 1439 736 1503 quae
758 1426 935 1503 sequuntur
953 1419 1017 1481 iam
1033 1425 1140 1481 certus
1160 1438 1269 1481 rerum
1290 1415 1367 1480 ordo
1388 1417 1591 1500 conspicitur.

189 1523 307 1586 etenim
331 1521 361 1606 7,
379 1521 396 1585 7
413 1545 460 1608 sq.
484 1522 614 1587 fabulae
637 1523 773 1588 Latinae
800 1545 922 1608 genera
950 1531 1189 1600 enumerantur,
1218 1520 1247 1605 7,
1266 1520 1303 1583 11
1319 1542 1387 1606 sqq.
1412 1519 1593 1605 explicatur

190 1626 348 1713 quomodo
379 1627 544 1712 tragoedia
575 1636 608 1691 et
637 1626 803 1692 comoedia
830 1631 914 1692 inter
936 1650 970 1692 se
994 1627 1154 1710 differant,
1186 1625 1216 1710 7,
1242 1625 1282 1688 18
1298 1647 1367 1713 sqq.
1391 1625 1504 1689 Livius
1527 1624 1592 1688 An·

191 1730 341 1795 dronicus
368 1734 490 1817 primus
517 1731 647 1797 fabulae
669 1732 807 1798 Latinae
835 1742 948 1798 auctor
974 1730 1195 1817 nominatur)
1224 1729 1254 1815 7,
1280 1728 1320 1793 19
1336 1752 1383 1815 sq.
1412 1728 1453 1793 de
1476 1728 1592 1814 triplici

190 1835 374 1901 comoediae
391 1839 508 1922 specie,
534 1836 673 1923 denique
698 1838 727 1921 7,
744 1837 781 1900 21
802 1860 849 1923 sq.
875 1838 916 1903 de
939 1845 1091 1923 quattuor
1107 1835 1292 1900 comoediae
1307 1833 1452 1920 partibus
1475 1836 1591 1919 agitur.

189 1943 327 2026 priorem
355 1943 453 2028 igitur
478 1952 604 2028 partem
631 1964 734 2027 usque
762 1942 804 2006 ad
828 1942 893 2026 7,7
921 1945 1082 2029 pertinere
1111 1951 1143 2006 et
1170 1941 1277 2006 verbis
1301 1938 1331 2024 7,
1355 1940 1375 2004 6
1402 1939 1592 2025 opusculum

190 2044 372 2110 absolutum
394 2068 465 2110 esse
489 2047 566 2111 mihi
581 2049 738 2133 persuasi.
785 2069 882 2132 quam
905 2056 1030 2134 partem
1054 2069 1112 2110 cur
1134 2045 1176 2110 ab
1192 2045 1353 2110 Euanthio
1368 2042 1592 2109 abiudicemus

190 2149 436 2236 nullaprofecto
454 2161 625 2216 causaest.
672 2161 747 2216 nam
770 2151 992 2217 similitudines
1007 2151 1090 2236 illae,
1115 2173 1199 2236 quae
1221 2152 1304 2214 inter
1327 2172 1399 2214 eam
1422 2158 1454 2213 et
1472 2148 1593 2212 Donati

295 2394 315 2461 ¹)
334 2398 359 2457 4,
373 2397 405 2446 12
418 2395 632 2462 interpolationis
644 2398 822 2462 suspicionem
840 2397 907 2446 mihi
924 2401 1033 2447 movent
1044 2396 1127 2446 verba
1145 2392 1207 2446 ‘iam
1220 2390 1356 2445 dicamus'.
1391 2409 1454 2444 nam
1473 2397 1503 2443 ut
1520 2410 1592 2444 nunc

190 2483 390 2548 interpungitur
415 2486 595 2534 enuntiatum:
624 2482 770 2550 ‘postquam
793 2485 1013 2535 demonstrandae
1036 2485 1148 2550 originis
1170 2497 1251 2533 causa
1272 2483 1305 2533 de
1327 2483 1466 2546 utriusque
1487 2483 1593 2548 generis

189 2570 266 2619 initio
290 2571 406 2621 diximus
428 2572 498 2637 quod
521 2587 629 2623 necesse
652 2577 700 2633 est,
722 2574 775 2621 iam
799 2568 935 2635 dicamus’,
962 2571 1093 2636 quomodo
1116 2572 1182 2622 haec
1204 2571 1381 2621 construenda
1403 2571 1456 2619 sint
1477 2586 1529 2620 non
1553 2570 1593 2617 in-

190 2657 297 2723 tellego.
334 2659 403 2710 adde
421 2660 491 2725 quod
510 2661 590 2725 paulo
609 2665 672 2710 ante
690 2660 773 2710 verba
792 2656 853 2710 ‘iam
871 2656 1019 2724 loquamur'
1037 2658 1171 2726 leguntur.
1206 2673 1286 2723 quam
1310 2659 1418 2708 obrem
1440 2658 1593 2721 interpunc-

188 2745 262 2794 tione
284 2746 425 2796 immutata
448 2747 498 2796 hoc
521 2749 690 2797 enuntiatum
707 2748 746 2796 ita
768 2747 911 2812 legendum
930 2763 987 2798 esse
1005 2753 1081 2812 puto:
1110 2743 1146 2796 ‘at
1163 2762 1211 2796 nos
1229 2760 1349 2810 eaquae
1367 2745 1472 2810 proprie
1490 2743 1523 2793 de
1540 2747 1591 2792 tra·

188 2832 285 2896 goedia
303 2833 416 2884 dicenda
433 2839 496 2884 sunt
514 2873 520 2884 .
535 2873 560 2885 ..
580 2837 608 2884 in
627 2835 682 2885 alia
699 2841 820 2900 tempora
838 2835 992 2884 differamus
1010 2840 1037 2885 et
1055 2834 1147 2884 dehis
1165 2832 1266 2884 fabulis
1282 2834 1336 2883 iam
1355 2832 1504 2896 loquamur,
1527 2845 1593 2895 quas

189 2919 330 2970 Terentius
349 2921 467 2972 imitatus
486 2927 533 2983 est,
553 2927 691 2986 postquam
710 2921 931 2972 demonstrandae
949 2923 1059 2987 originis
1082 2936 1163 2972 causa
1180 2921 1214 2971 de
1235 2922 1373 2984 utriusque
1391 2921 1497 2985 generis
1514 2919 1592 2967 initio

190 3005 312 3068 diximus,
332 3008 402 3072 quod
421 3025 530 3059 neccsse
550 3015 589 3059 est
607 3009 672 3075 [iam
691 3008 829 3074 dicamus}

293 3092 315 3161 2)
333 3097 389 3145 Leo
403 3097 470 3146 Mus.
483 3097 569 3146 Rhen.
582 3097 725 3147 XXXVIII
736 3099 786 3146 327
804 3094 845 3146 ‘de
858 3102 916 3148 arte
928 3093 1044 3147 chorica'
1060 3096 1229 3147 scribendum
1246 3110 1304 3146 esse
1321 3099 1419 3156 censet,
1437 3110 1497 3144 cum
1510 3094 1593 3144 verba

190 3176 231 3231 ‘de
249 3187 307 3232 arte
325 3180 435 3233 comica'
453 3200 507 3234 non
526 3185 643 3234 habeant
662 3201 713 3249 quo
732 3185 889 3246 referantur,
908 3181 1031 3235 ‘chorico’
1049 3190 1139 3234 autem
1156 3199 1197 3245 eo,
1215 3183 1285 3249 quod
1302 3185 1330 3232 in
1348 3181 1522 3247 sequentibus
1540 3182 1592 3245 pri-

190 3284 262 3318 mum
281 3269 314 3319 de
333 3271 411 3320 choro
430 3273 527 3322 veteris
547 3278 574 3322 et
591 3287 677 3322 novae
696 3273 849 3323 comoediae
867 3288 954 3323 sermo
971 3274 1014 3335 sit,
1033 3273 1240 3322 commendetur.
1277 3271 1323 3321 sed
1346 3287 1406 3320 cum
1424 3271 1491 3320 haec
1509 3268 1592 3334 expli-

190 3357 259 3406 catio
283 3357 440 3408 brevissima
461 3361 504 3420 sit,
529 3366 618 3410 cetera
640 3365 730 3410 autem
754 3374 823 3425 quae
848 3364 995 3424 sequuntur
1018 3362 1133 3409 maxime
1158 3361 1186 3409 in
1210 3359 1330 3409 Terentii
1351 3362 1410 3408 arte
1433 3356 1592 3422 explicanda

190 3451 338 3508 versemur,
356 3445 446 3496 malim
465 3446 536 3496 hunc
555 3445 643 3512 locum
662 3449 700 3496 ita
718 3449 892 3497 constituere:
911 3443 986 3497 ‘haec
1003 3447 1053 3498 νέα
1071 3445 1204 3512 κωμῳδία
1224 3484 1270 3496 ...
1289 3447 1433 3511 praecipue
1450 3443 1592 3494 Menandri

190 3530 364 3596 Terentiique
382 3539 429 3584 est.
466 3533 499 3584 de
522 3550 574 3598 quo
597 3551 657 3584 cum
680 3534 766 3584 multa
788 3534 903 3584 dicenda
924 3536 986 3595 sint,
1013 3540 1055 3584 sat
1076 3536 1128 3584 erit
1211 3533 1281 3599 quod
1303 3533 1336 3583 de
1358 3538 1416 3583 arte
1439 3532 1540 3581 comica
1562 3532 1591 3579 in

190 3623 310 3668 veterum
329 3620 427 3670 chartis
445 3623 596 3672 continetur
614 3619 764 3687 exponere'.

294 3703 316 3772 ⁸)
335 3707 376 3758 bis
394 3709 460 3757 mihi
479 3709 571 3759 eadem
589 3724 631 3759 res
650 3710 779 3775 explicari
797 3710 904 3760 videtur
921 3711 960 3759 eis
978 3724 1047 3774 quae
1065 3711 1090 3772 6,
1105 3711 1137 3759 16
1149 3725 1206 3774 sqq.
1224 3711 1340 3770 et6,19
1359 3706 1494 3773 leguntur,
1513 3708 1591 3773 quod,

189 3793 212 3842 si
225 3796 406 3847 enuntiatum:
426 3793 501 3846 ‘haec
518 3812 577 3845 eum
595 3795 813 3847 artificiosissima
825 3797 967 3846 Terentius
979 3796 1080 3857 fecerit,
1098 3804 1155 3846 tum
1171 3796 1239 3846 illud
1256 3801 1295 3846 est
1312 3796 1505 3857 admirandum,
1521 3795 1591 3860 quod

191 3884 218 3928 et
236 3895 352 3930 amorem
371 3878 510 3948 (mortem
524 3883 748 3946 Scheidemantel,
765 3901 790 3948 p.
804 3881 848 3949 61)
866 3885 985 3948 retinuit,
1003 3887 1034 3932 ut
1051 3883 1215 3933 comoediam
1233 3885 1369 3946 scriberet,
1388 3884 1592 3949 attemperavit

190 3968 322 4033 affectum,
342 3985 376 4019 ne
389 3972 417 4019 in
430 3970 592 4036 tragoediam
605 3967 758 4021 transiliret’
776 3977 803 4020 et
814 3970 894 4035 paulo
907 3975 967 4036 post
978 3972 1105 4021 alterum:
1124 3967 1200 4020 ‘illud
1212 3986 1318 4035 quoque
1334 3972 1404 4019 inter
1415 3969 1591 4020 Terentianae

190 4057 302 4106 virtutes
328 4057 460 4118 mirabile,
488 4058 557 4122 quod
585 4059 642 4108 eius
668 4058 777 4109 fabulae
804 4073 835 4108 eo
862 4064 925 4108 sunt
953 4040 1172 4124 temperamento,
1199 4063 1229 4108 ut
1252 4073 1339 4123 neque
1357 4063 1541 4108 extumescant
1557 4057 1591 4108 ad

189 4146 317 4210 tragicam
341 4143 527 4195 celsitudinem
550 4159 637 4210 neque
660 4146 811 4197 abiciantur
829 4146 863 4196 ad
881 4147 1017 4196 mimicam
1035 4143 1175 4196 vilitatem‘
1198 4147 1268 4195 inter
1290 4160 1318 4196 se
1337 4145 1489 4204 contuleris,
1511 4144 1591 4194 facile

190 4231 326 4282 concedes.
362 4247 442 4297 quam
461 4233 494 4283 ob
512 4248 567 4283 rem
579 4232 642 4284 vide
659 4250 723 4283 num
740 4233 853 4283 alterum
872 4234 907 4284 ab
919 4233 973 4284 alio
991 4234 1099 4284 homine
1111 4233 1243 4284 adiectum
1261 4235 1304 4283 sit.
1339 4237 1410 4284 certe
1427 4232 1590 4283 adiectivum

191 4314 395 4382 'Terentianua'‚
413 4321 483 4386 quod
501 4322 607 4387 saepius
625 4322 653 4370 in
672 4321 882 4387 praefationibus
900 4323 1038 4372 invenitur
1055 4321 1147 4388 (Andr.
1161 4324 1184 4384 6,
1199 4323 1240 4385 10,
1252 4321 1323 4371 Eun.
1337 4322 1377 4381 10,
1390 4322 1432 4383 22,
1444 4320 1493 4370 Ad.
1506 4322 1531 4379 6,
1545 4321 1590 4376 18;

192 4408 217 4468 7,
230 4406 273 4472 18)
286 4409 314 4456 in
330 4406 381 4458 hac
393 4410 536 4458 commenti
552 4415 628 4473 parte
640 4413 745 4474 praeter
761 4409 833 4458 hunc
845 4408 934 4459 locum
947 4425 1000 4458 non
1013 4409 1111 4474 legitur
1123 4413 1150 4459 et
1161 4409 1244 4459 verba
1256 4408 1352 4459 ultima
1368 4404 1464 4473 'neque
1476 4442 1482 4456 .
1494 4445 1499 4456 .
1511 4445 1517 4456 .
1530 4407 1591 4456 vili-

191 4490 281 4544 tatem'
299 4497 453 4560 conspirant
470 4511 531 4545 cum
550 4497 588 4545 eis
607 4511 676 4560 quae
695 4497 762 4556 7,11
783 4500 886 4545 extant:
906 4491 1008 4546 ‘mimos
1020 4495 1054 4545 ab
1072 4495 1199 4544 diuturna
1216 4495 1366 4545 imitatione
1378 4494 1472 4543 vilium
1485 4489 1590 4544 rerum’.

294 4579 316 4646 ⁴)
335 4581 385 4632 hoc
408 4584 576 4632 enuntiatum
599 4582 730 4633 Dniatzko
753 4582 821 4632 Anu.
844 4583 911 4648 phil.
934 4583 1021 4648 suppl.
1040 4583 1064 4631 X
1089 4599 1114 4646 p.
1128 4583 1187 4641 687,
1211 4581 1271 4631 adn.
1290 4584 1305 4630 3
1327 4580 1438 4632 aliunde
1455 4581 1590 4632 adiectum

191 4681 249 4717 esse
266 4673 350 4734 putat,
369 4671 412 4718 cui
431 4669 581 4720 adsentitur
599 4669 814 4720 Scheidemantel
832 4686 858 4735 p.
873 4671 914 4719 13.

244 4760 408 4804 blesertationes
421 4762 497 4814 philol.
505 4761 593 4803 Vindob.
606 4760 642 4802 VI.
1419 4758 1433 4804 7
