3542 5059
1571 156 1611 219 81

215 347 310 413 modo
340 346 486 413 absolute
515 346 689 413 adhibetur
718 357 790 434 post
815 350 853 437 ἥν
880 348 1044 433 (111260,
1067 347 1147 433 312,
1174 348 1252 431 495)
1275 347 1327 412 vel
1348 346 1431 434 μηδέ
1453 346 1519 434 (Al.
1536 347 1615 435 415)

215 451 403 540 positum31)
420 452 558 539 denique
579 455 784 518 accusativus
800 451 995 519 adverbialis
1017 451 1051 518 τὶ
1073 452 1297 539 negationibus
1320 451 1394 519 οὐδέ
1413 450 1524 537 (Ther.
1541 451 1614 537 820,

215 557 266 624 Al.
284 556 371 644 395),
394 560 438 647 μή
462 556 526 644 (ΑΙ.
544 557 618 642 279,
642 557 760 645 594)‚²)
784 556 866 646 μηδέ
889 557 998 644 (Ther.
1016 557 1128 645 574)³)
1151 558 1344 644 adiungitur.

320 803 341 871 ¹)
361 819 506 870 pronomen
529 804 569 861 τὶς
587 820 786 869 nonnumquam
804 805 833 855 in
851 804 952 855 talibus
970 804 1116 856 enuntiatis
1138 804 1226 855 omitti
1242 804 1297 855 ism
1315 819 1395 870 suprs
1413 802 1450 871 (p.
1463 803 1497 853 69
1514 802 1576 855 adn.
1588 802 1617 869 9)

215 892 338 942 diximus.

321 977 344 1045 ²)
362 980 410 1045 qui
427 995 520 1031 versus
538 982 567 1030 in
586 979 701 1030 eundem
719 980 776 1031 fere
793 978 901 1031 modum
920 979 1078 1030 conformati
1096 985 1165 1030 sunt.

320 1064 343 1133 ⁸)
359 1067 471 1119 fortasse
489 1066 548 1117 loco
567 1082 673 1132 quoque
690 1067 769 1118 Ther.
783 1067 831 1117 861
852 1082 899 1132 pro
917 1064 984 1132 μηδ’
998 1064 1047 1131 ἔτι,
1065 1066 1135 1131 quod
1153 1066 1216 1117 libri
1234 1065 1402 1131 editoresque
1418 1065 1528 1128 hubent,
1544 1064 1620 1132 μηδέ

216 1172 243 1206 τι
260 1154 444 1220 recipiendum
463 1159 511 1207 est.
546 1160 685 1221 praeterea
703 1154 730 1204 ct
748 1170 763 1206 e
782 1154 937 1205 coniectura
954 1153 1057 1204 duobus
1075 1153 1141 1204 locis
1152 1153 1288 1204 Nicandro
1306 1154 1418 1205 obtrusit
1430 1154 1461 1205 0.
1474 1153 1620 1205 Schneider

217 1242 296 1294 Ther.
315 1244 364 1293 291
379 1259 417 1308 sq.
441 1246 468 1294 et
484 1241 526 1292 Al.
546 1244 605 1292 278.
641 1248 760 1294 ettamen
784 1248 898 1307 utroque
920 1242 978 1293 loco
1001 1242 1059 1292 eius
1082 1242 1241 1293 coniecturis
1264 1256 1354 1293 carere
1376 1258 1521 1307 possumus.
1557 1257 1619 1292 nem

217 1332 305 1395 priore
326 1330 385 1381 loco
408 1345 441 1381 es
463 1345 532 1395 quae
554 1331 582 1379 in
605 1330 680 1381 libris
703 1329 841 1396 leguntur:
872 1330 923 1379 τοῦ
943 1328 998 1396 μὲν
1018 1326 1087 1398 ὑπὲρ
1109 1329 1243 1397 νιφόεντα
1266 1331 1383 1396 κεράατα
1402 1327 1466 1379 δοιὰ
1483 1326 1618 1397 μετώπῳ)

217 1414 337 1483 ἔγκειται
355 1419 480 1485 πάρνοψι
499 1419 557 1485 φάη
576 1416 698 1484 λογάδας
714 1433 742 1468 τε
755 1417 899 1485 προσεικής
912 1444 942 1453 -
957 1432 1011 1482 qus
1027 1416 1057 1467 in
1075 1417 1206 1481 scriptura
1223 1416 1272 1467 ille
1290 1432 1343 1467 non
1360 1417 1448 1466 minus
1465 1418 1517 1468 tria
1529 1418 1620 1478 verba,

217 1502 286 1570 ὑπὲρ
303 1504 331 1554 in
347 1503 410 1567 ὑπὸ,
428 1519 456 1555 τε
474 1505 502 1554 in
520 1521 555 1567 τι,
573 1504 715 1572 προσεικής
731 1506 759 1556 in
772 1508 904 1573 προσεικῆ
920 1505 1035 1555 mutarit
1048 1532 1079 1540 —
1092 1520 1146 1554 uno
1158 1508 1263 1554 tantum
1275 1504 1357 1555 verbo
1368 1503 1512 1571 προσεικής
1529 1504 1574 1554 rel
1591 1504 1621 1553 in

218 1591 400 1659 προσεικεῖοᾱ
410 1589 528 1659 μετώπῳ
541 1592 709 1643 referendum
723 1592 777 1657 vel,
793 1592 863 1657 quod
875 1593 934 1642 veri
945 1591 1060 1642 similius
1072 1596 1145 1657 puto,
1163 1592 1192 1642 in
1204 1592 1362 1658 προσεικεῦς
1373 1591 1407 1641 ed
1419 1591 1469 1641 τοῦ
1486 1593 1621 1657 pertinens

217 1679 356 1729 immutato
376 1678 420 1745 (cf,
434 1696 455 1729 ιο
467 1682 519 1730 394
530 1682 663 1747 θάμβευς,
676 1680 900 1731 Τ1ιοοοτ.7ΙΙ20
916 1679 1033 1745 χείλεος,
1050 1680 1109 1729 Nic.
1122 1678 1202 1729 Ther.
1215 1681 1230 1729 2
1242 1677 1348 1743 arideus,
1362 1680 1394 1729 17
1408 1678 1508 1745 ἴχνεος)
1521 1680 1622 1729 servari

218 1772 336 1832 possunt,
354 1768 393 1817 its
410 1772 441 1817 ut
457 1768 619 1819 constructio
637 1768 705 1819 haec
723 1770 768 1819 sit:
788 1771 837 1817 τοῦ
854 1767 910 1834 μὲν
927 1765 1045 1834 μετώπῳ
1059 1794 1091 1803 -
1104 1752 1209 1817 namsi
1226 1768 1270 1817 cui
1285 1767 1442 1832 genetivum
1461 1766 1510 1816 τοῦ
1527 1781 1544 1816 a
1561 1766 1622 1817 sub·

218 1855 344 1916 stantivo,
362 1854 396 1904 ad
409 1854 479 1919 quod
492 1854 613 1918 refertur,
631 1852 749 1923 μετώπῳ
768 1860 842 1906 tanto
861 1855 959 1905 distare
977 1854 1120 1905 intervallo
1134 1856 1230 1904 mirum
1243 1852 1385 1914 videbitur,
1404 1853 1523 1904 conferet
1539 1852 1623 1904 velim

217 1941 258 1991 Al.
270 1942 321 1991 474
333 1946 388 1992 τών
400 1942 460 2006 ἤτοι
472 1941 582 2010 ζοφόεις
593 1940 647 2010 μὲν
660 1940 705 1993 ἐπὶ
716 1941 797 2009 χλόος
808 1940 914 2010 ἔδραμε
928 1945 1023 2009 γυίοις,
1036 1943 1096 2005 467,
1109 1942 1187 1992 Ther.
1203 1943 1261 2003 182,
1274 1943 1333 2005 231,
1346 1943 1405 2002 271,
1418 1942 1478 2001 280,
1490 1942 1550 2003 399,
1563 1941 1622 2001 669,

219 2030 278 2090 697,
289 2030 347 2093 766,
359 2029 417 2093 766,
427 2031 477 2079 797
492 2058 523 2066 -
537 2026 657 2096 ’ἔγκειται
669 2029 738 2097 ὑπὲρ
757 2029 840 2096 (quod
851 2031 880 2080 in
893 2030 1014 2080 adverbii
1027 2029 1115 2080 locum
1127 2027 1230 2096 ώπερθε
1243 2030 1377 2089 successit,
1391 2028 1424 2078 cf.
1434 2028 1466 2080 0.
1476 2026 1623 2079 Schneider

218 2114 252 2165 ed
265 2115 343 2166 Ther.
356 2114 419 2181 231)
437 2114 501 2167 δοιὰ
519 2117 653 2185 νιφόεντα
672 2116 799 2185 κεράατα.
835 2123 928 2168 contra
945 2132 1015 2182 quae
1032 2118 1061 2167 in
1079 2117 1187 2167 scholiis
1205 2116 1343 2182 leguntur:
1370 2113 1446 2167 ἔστιν
1463 2119 1480 2181 ι)
1497 2113 1624 2175 σύνταξις

219 2201 316 2261 οὕτως·
346 2203 396 2253 τοῦ
418 2202 473 2270 μὲν
558 2201 690 2271 ἔγκειται·
720 2205 845 2257 τουτέστι
871 2204 971 2256 τούτου
998 2204 1053 2272 μὲν
1079 2202 1148 2270 ὑπὲρ
1175 2204 1209 2253 τὰ
1231 2201 1363 2272 τρομώδη
1385 2204 1508 2270 ὄμματα,
1535 2204 1623 2269 ἤγουν

218 2288 346 2358 ὑπεράνω
359 2288 457 2353 αὐτῶν,
476 2290 575 2357 κέρατα
589 2290 641 2342 δύο
654 2290 685 2342 ἐν
697 2295 734 2359 τῷ
746 2290 863 2360 μετώπῳ
882 2290 1003 2360 ἔγκειται
1021 2292 1066 2342 vel
1083 2291 1143 2341 ideo
1155 2292 1263 2357 probuti
1275 2295 1421 2356 nequeunt,
1438 2288 1517 2355 quod,
1529 2291 1552 2339 si
1564 2305 1623 2340 eam

219 2379 466 2443 interpretationem
485 2379 618 2444 probares,
636 2378 705 2447 ὑπέρ
724 2396 740 2430 a
759 2384 818 2448 φάη
836 2386 876 2431 tot
887 2380 991 2440 voculis
1009 2379 1187 2430 distineretur.
1224 2378 1257 2429 de
1275 2378 1467 2429 altercantem
1485 2377 1543 2427 loco
1561 2375 1624 2426 vide

220 2479 290 2530 quse
308 2482 332 2531 p.
347 2467 381 2514 53
400 2466 460 2515 adn.
475 2468 490 2515 6
509 2468 627 2531 exposui.

279 4750 443 4793 Dissertstiones
456 4750 533 4803 philol.
543 4750 632 4792 Vindob.
643 4748 678 4790 VI.
