3542 5059
7 68 10 287 l
212 222 274 286 100

208 413 286 478 mihi
305 411 403 477 fuisse
418 410 554 477 videtur.
601 433 684 497 quae
703 412 839 477 frustula
858 411 980 476 scilicet
998 412 1096 498 plena
1114 421 1189 477 sunt
1209 412 1443 477 difficultatum.
1488 415 1607 478 etenim

207 527 266 601 161,
290 516 427 582 sednon
443 516 546 581 isdem
561 517 671 581 verbis
687 516 728 581 16
743 517 873 582 fabulae
889 517 1026 582 Latinae
1042 516 1217 603 generibus
1232 516 1277 604 (7,
1294 518 1311 580 7
1327 539 1408 603 sqq,
1423 518 1454 602 11,
1470 517 1513 580 23
1525 539 1605 603 6(1(1.,

209 623 260 708 10,
276 623 297 688 5
313 621 409 708 sqq),
435 621 495 706 bis,
524 621 581 686 661
604 621 713 686 verbis
736 623 910 687 immutatis
934 621 973 687 de
1001 631 1151 708 quattuor
1176 620 1305 686 fabulae
1332 622 1477 708 partibus
1500 624 1607 706 agitur

208 727 394 814 111611,
419 726 530 813 1119).
575 726 661 791 adde
688 726 775 812 quod
802 727 928 811 singula
955 729 1120 792 enuntiata
1147 749 1253 813 neque
1279 729 1361 791 iusto
1388 730 1528 791 1616166
1552 750 1606 791 ex-

207 835 329 919 cipiunt
351 831 462 898 ordine
470 831 496 918 ¹)
520 841 552 896 61
573 833 661 896 miris
684 853 761 896 6666
785 831 948 896 erroribus
970 841 1103 897 scatent.
1133 832 1275 897 6111616
1299 854 1424 896 errores
1446 834 1478 896 in
1502 833 1606 916 singu-

205 937 310 1003 larum
332 936 515 1002 fabularum
535 936 796 1023 praefationibus,
821 939 940 1023 quippe
961 935 1077 1023 quibus
1099 959 1152 1001 res
1174 937 1350 1002 simillimae
1374 939 1606 1019 contineantur,

205 1052 385 1122 recurrunt,
408 1040 654 1128 (16616Τ6111161
672 1044 858 1127 quaestione
878 1040 919 1107 de
939 1043 1074 1106 veritate
1097 1064 1208 1107 eorum
1231 1064 1314 1128 quae
1336 1041 1389 1106 hic
1412 1051 1444 1107 et
1465 1042 1530 1106 illic
1552 1063 1606 1104 ex-

206 1157 368 1234 ponuntur
397 1148 523 1229 omissa,
554 1145 612 1210 sed
641 1144 720 1210 16616
750 1146 870 1232 aliquot
899 1156 1024 1211 tautum
1052 1145 1208 1211 similibus
1238 1148 1430 1233 comparatis
1460 1169 1605 1233 eaquae

204 1252 280 1317 inde
310 1276 330 1316 a
351 1250 382 1335 9,
406 1251 449 1314 24
477 1253 511 1316 in
541 1259 719 1316 commento
749 1249 902 1336 leguntur
925 1252 1052 1318 Donato
1082 1261 1191 1337 utpote
1221 1252 1457 1338 praefationum
1483 1253 1607 1318 auctori

206 1357 325 1422 tribuit.
371 1365 482 1422 eontra
503 1355 762 1422 Scheidemantel
782 1379 851 1421 rem
870 1359 915 1421 ita
936 1358 1106 1440 6666111611,
1126 1366 1162 1421 61
1178 1359 1348 1422 commenti
1364 1366 1490 1443 partem
1504 1366 1606 1443 poste·

205 1463 323 1527 riorem
342 1460 417 1526 inde
440 1460 482 1526 ab
499 1459 529 1545 8,
547 1461 567 1523 3
590 1460 633 1524 ad
647 1461 813 1526 Donatum
835 1470 1000 1546 tamquam
1019 1471 1182 1527 auctorem
1202 1461 1347 1545 referret,
1370 1464 1509 1548 priorem
1528 1483 1606 1525 vero

206 1566 364 1655 simulque
390 1566 606 1652 praefationes
629 1565 698 1630 illas
722 1565 765 1630 ad
787 1566 1026 1653 Euanthium.²)
1067 1590 1151 1653 quae
1174 1590 1247 1632 cum
1270 1570 1314 1632 ita
1338 1569 1409 1651 sint,
1432 1569 1521 1632 utin
1543 1568 1606 1631 hac

205 1673 433 1737 sententiarum
453 1670 637 1736 diversitate
661 1670 739 1756 quid
761 1694 875 1735 verum
899 1671 1086 1737 habendum
1108 1675 1149 1736 sit
1171 1671 1367 1758 exploretur,
1391 1673 1605 1758 praefationes

206 1777 283 1841 mihi
306 1779 488 1842 accuratius
513 1775 747 1841 examinandas
771 1798 843 1840 6666
866 1778 1024 1841 6111611166.

308 1883 498 1948 Rectissime
528 1880 788 1947 Scheidemantel
817 1904 849 1967 p.
874 1880 1003 1946 25-28
1036 1882 1179 1946 omnium
1209 1883 1346 1967 primum
1379 1881 1606 1968 inquirendum

168 2017 174 2038 ι
206 2009 276 2051 6666
293 1986 384 2072 dixit,
399 2009 476 2051 num
492 2009 527 2051 16
542 2009 621 2051 vera
637 1985 679 2051 ab
695 2009 758 2050 uno
774 1995 905 2050 auctore
929 2008 1039 2052 omnes
1061 1987 1276 2072 praefationes
1298 1987 1351 2052 vel
1373 1987 1605 2073 praefationum

204 2101 312 2179 partes
335 2090 498 2178 profectae
527 2091 597 2155 e'ssc
621 2090 818 2155 viderentur.
865 2100 1012 2156 constant
1038 2101 1146 2156 autem
1168 2091 1384 2177 praefationes
1411 2091 1484 2156 illae
1505 2094 1605 2156 ternis

204 2195 359 2283 partibus,
388 2219 523 2282 quarum
551 2198 584 2261 in
612 2197 715 2282 prima
742 2195 858 2260 eodem
885 2196 954 2260 fere
982 2218 1110 2282 semper
1135 2195 1248 2261 ordine
1270 2205 1398 2261 servato
1422 2219 1538 2262 nomen
1560 2196 1604 2260 fa-

204 2301 299 2365 bulae
330 2303 461 2387 eiusque
492 2303 580 2386 origo
611 2309 902 2366 commemorantur
932 2310 964 2365 et
993 2311 1105 2366 auctor
1136 2300 1282 2381 Graecus
1311 2303 1503 2386 nominatur,
1538 2311 1605 2366 tum

203 2415 310 2470 utrum
334 2405 499 2470 comoedia
521 2407 654 2470 motoria
674 2428 715 2470 an
736 2407 867 2470 stataria
889 2429 931 2470 an
954 2408 1057 2471 mixta
1079 2409 1120 2471 sit
1140 2408 1319 2492 inquiritur,
1348 2405 1466 2471 deinde
1489 2405 1605 2493 quibus

203 2513 348 2597 personis
371 2510 516 2596 singulae
540 2520 647 2597 partes
671 2509 894 2596 adsignandae
917 2512 980 2575 sint
1003 2512 1175 2596 exponitur
1202 2510 1298 2575 etde
1321 2511 1452 2596 singulis
1474 2510 1605 2575 fabulae

202 2615 348 2702 partibus
372 2615 563 2701 disputatur,
592 2614 730 2701 denique
755 2614 951 2679 didascaliae
973 2615 1188 2700 proferuntur,
1219 2613 1335 2701 quibus
1363 2637 1467 2701 pauca
1495 2614 1536 2678 de
1560 2615 1604 2680 di-

202 2720 323 2785 66111116
346 2730 378 2785 61
394 2721 526 2785 66611616
549 2729 582 2784 61
603 2721 747 2805 personis
770 2721 935 2805 protaticis
950 2719 1143 2785 adiciuntur.
1182 2718 1283 2785 altera
1298 2729 1390 2805 parte
1412 2729 1604 2806 argumenta

202 2823 386 2889 fabularum
408 2833 558 2890 enarrata
579 2823 690 2888 babes.
724 2827 818 2890 161116
840 2827 872 2889 16
897 2825 1029 2910 singulis
1051 2823 1177 2889 actibus
1201 2823 1430 2890 constituendis
1445 2833 1602 2890 versatur.

201 2931 266 2994 iam
290 2953 364 2995 cum
385 2929 435 2994 bis
457 2932 490 2994 in
507 2931 610 3016 prima
629 2939 720 3016 parte
737 2929 863 2994 disertis
879 2930 990 2995 verbis
1012 2929 1055 2994 ad
1069 2931 1196 2994 tertiam
1213 2928 1329 3016 (praef.
1345 2927 1409 2994 Ad.
1428 2927 1457 3014 7,
1473 2929 1504 3013 5,
1520 2929 1601 2993 Η66.

206 3035 254 3119 12,
278 3033 330 3128 16)
358 3034 554 3120 delegemur,
578 3045 747 3121 praeterea
770 3044 1032 3121 argumentorum
1057 3036 1275 3100 enarrationes
1298 3042 1463 3119 tamquam
1488 3033 1602 3098 funda-

202 3149 311 3204 menta
331 3141 402 3221 sint,
421 3142 454 3204 in
474 3139 590 3225 quibus
608 3140 662 3205 illa
682 3139 723 3204 de
742 3139 874 3226 singulis
894 3138 1020 3204 actibus
1041 3137 1274 3225 distinguendis
1294 3138 1440 3204 16611166
1459 3148 1602 3203 exstrua-

202 3253 262 3329 tur,
285 3243 423 3329 denique
442 3246 525 3308 inter
545 3267 654 3309 omnes
674 3254 792 3331 partes,
814 3246 882 3309 sive
904 3244 1041 3309 eandem
1056 3242 1201 3308 fabulam
1216 3245 1284 3308 sive
1301 3243 1447 3308 diversas
1462 3252 1601 3330 spectas,

202 3348 423 3414 similitudines
447 3349 608 3435 quaedam
630 3349 841 3432 intercedant,
868 3372 904 3414 re
926 3372 1007 3414 vera
1028 3348 1071 3413 ab
1098 3371 1161 3413 uno
1188 3348 1316 3414 homine
1344 3371 1454 3413 omnes
1477 3348 1602 3434 praefa-

201 3455 302 3518 tiones
329 3457 527 3541 conscriptas
555 3477 625 3518 esse
648 3454 909 3519 Scheidemantel
939 3453 1103 3519 conclusit.
1149 3453 1236 3539 quod
1264 3455 1290 3517 61
1322 3462 1447 3539 partem
1472 3454 1601 3518 tertiam

200 3560 398 3645 respicimus,
428 3559 478 3624 his
506 3561 703 3646 argumentis
730 3558 825 3623 modo
855 3558 986 3644 prolatis
1012 3581 1112 3623 unum
1139 3557 1261 3623 addere
1290 3556 1374 3622 licet.
1420 3560 1539 3624 etenim
1568 3559 1601 3621 16

200 3674 329 3728 actuum
352 3663 508 3748 Andriae,
535 3665 697 3751 Hecyrae,
725 3663 927 3728 Phormionis
955 3662 1176 3728 distributione
1203 3673 1393 3748 argumenta
1418 3665 1602 3726 inseruntur

200 3769 419 3834 numeralibus
439 3768 636 3834 ordinalibus
657 3791 730 3833 cum
753 3767 912 3833 vocabulo
927 3759 1041 3834 ‘actus’
1057 3769 1233 3832 coniunctis
1255 3770 1309 3853 ita,
1331 3777 1368 3833 ut
1388 3769 1491 3854 primo
1514 3768 1602 3831 actui

202 4029 267 4078 opus
291 4029 347 4063 esse
370 4019 529 4077 correctura,
557 4030 637 4079 quam
661 4013 792 4064 Dniatnko
816 4014 885 4064 Anu.
911 4014 976 4080 phil.
999 4014 1085 4079 suppl.
1105 4014 1138 4078 X,
1162 4013 1369 4079 1111886163
1396 4013 1600 4064 commendavit.

201 4107 319 4150 ceterum
338 4116 406 4165 quae
425 4102 475 4151 hcc
493 4101 551 4151 loco
570 4101 739 4167 explicantur
757 4101 894 4152 simillima
912 4105 974 4151 sunt
992 4102 1031 4151 616
1048 4115 1118 4166 quae
1135 4099 1234 4151 Pollux
1251 4101 1306 4150 1111
1330 4101 1467 4150 116-120
1485 4105 1599 4151 enarrat.

201 4188 272 4238 unde
294 4188 365 4253 apud
387 4189 459 4238 hunc
476 4189 504 4238 in
527 4191 645 4239 sectione
670 4190 719 4238 120
742 4189 838 4239 6111166
858 4187 987 4257 σύρματα
1010 4205 1058 4254 pro
1081 4203 1112 4239 eo
1131 4187 1202 4254 quod
1225 4186 1301 4238 libris
1319 4187 1446 4238 traditum
1469 4192 1599 4256 (1616611-

199 4278 299 4342 μετρία
317 4277 456 4327 1661116616
475 4292 528 4325 666
547 4276 647 4329 dubito.

305 4361 325 4427 ¹)
344 4364 436 4427 quodsi
459 4379 490 4414 ea
513 4365 582 4414 iusto
606 4364 700 4414 ordine
723 4362 974 4430 1161166616661166,
997 4363 1048 4413 hoc
1069 4363 1125 4414 fere
1147 4362 1224 4413 modo
1243 4378 1276 4414 66
1294 4363 1480 4414 constituenda
1498 4367 1597 4414 essent:

200 4452 224 4512 9,
238 4452 349 4511 24-111,
364 4454 390 4516 1;
410 4452 433 4515 7,
448 4453 545 4516 7—113
567 4454 607 4513 10,
620 4453 700 4515 5-83
721 4453 744 4518 7,
758 4453 852 4516 21—8,
865 4453 894 4515 33
914 4452 955 4512 10,
968 4452 1067 4516 8—18;
1092 4452 1133 4512 10,
1145 4451 1226 4516 2-53
1251 4452 1403 4516 11,1-10;
1427 4451 1496 4512 12st
1515 4465 1599 4515 usque

199 4539 233 4588 ad
251 4537 343 4602 finem3
368 4539 517 4604 11,11sq.;
543 4541 624 4605 1131
649 4540 689 4599 11,
705 4541 815 4601 13-12‚
828 4542 853 4590 3.
889 4543 990 4588 restant
1011 4553 1044 4588 ea
1066 4553 1136 4602 quae
1160 4540 1280 4602 10,lsq.
1299 4537 1332 4588 de
1354 4553 1527 4604 personarum
1549 4554 1599 4589 usu

198 4626 375 4690 explicantur,
395 4640 464 4689 quae
483 4641 534 4690 quo
552 4626 611 4676 loco
630 4625 753 4691 11666616
771 4627 824 4676 6161
840 4626 922 4692 plane
939 4627 1071 4677 incertum
1090 4630 1137 4676 est.

302 4711 323 4777 2)
343 4712 376 4763 cf.
395 4714 423 4762 in
442 4713 534 4777 primis
552 4713 609 4762 eius
627 4712 820 4764 dissertationis
838 4730 881 4778 pp.
895 4715 926 4762 31
947 4718 974 4764 et
991 4713 1034 4763 46.
