3542 5059
1550 175 1590 240 37

192 356 415 426 adnectuntur.
462 360 618 425 adverbio
649 362 724 429 τοτέ
753 373 861 427 autem
891 364 969 427 bina
999 364 1145 429 membra
1176 368 1258 430 inter
1285 389 1320 430 se
1348 369 1492 452 opposita
1519 378 1594 433 5551

192 464 244 528 ΑΙ.
264 463 327 527 516
349 486 406 550 sq,
438 466 492 529 ubi
515 466 636 531 voculis
664 466 738 533 τοτὲ
842 466 918 533 τοιέ
947 471 1124 555 participia,
1152 469 1203 535 Al.
1221 470 1286 533 264
1305 493 1363 556 sq,
1393 470 1449 535 ubi
1471 473 1594 538 voculis

191 569 265 634 τοτὲ
290 620 347 634 ...
372 569 485 636 ἄλλοτε
509 570 548 660 δή
571 571 780 654 substantiva,
804 572 901 637 Ther.
919 573 992 659 912,
1016 596 1079 659 quo
1101 572 1172 639 loco
1194 575 1316 640 voculis
1338 578 1412 640 τοτὲ
1437 628 1494 641 ...
1518 578 1593 642 τοτὲ

192 672 229 739 da'
248 668 404 739 adverbia
424 674 657 761 disiunguntur.
692 676 785 762 plura
799 700 876 741 vero
898 701 994 764 quarn
1014 678 1090 743 bina
1110 680 1256 744 membra
1276 680 1491 766 (substantiva
1506 680 1592 767 dico)

190 781 273 843 inter
297 801 331 843 se
354 779 549 865 respondent
576 780 701 845 duobus
724 780 955 847 15515Α1.324
981 783 1090 869 sqq.,1)
1114 784 1176 846 511
1195 784 1291 870 sqq.²)
1321 783 1408 869 (τοτὲ
1512 788 1593 850 ποτὲ

193 937 199 949 .
218 937 225 949 .
244 938 250 949 .
274 884 437 971 πολλάκι).
484 886 609 971 singula
624 886 770 950 membra
785 885 970 951 adiciuntur
984 888 1049 951 solo
1065 886 1139 953 τοτὲ
1154 888 1205 952 ΑΙ.
1222 888 1274 972 56,
1292 888 1364 971 202,
1381 888 1455 971 352,
1476 889 1592 974 quibus

190 991 357 1075 participia
372 990 520 1054 liberiore
541 990 635 1055 modo
655 1000 809 1077 usurpata
829 991 1042 1077 5555551553)
1063 992 1117 1078 (cf.
1134 992 1186 1056 Al.
1203 993 1275 1073 355,
1292 992 1381 1080 574),
1402 1003 1434 1057 51
1448 992 1500 1057 ΑΙ.
1516 993 1592 1078 484,

190 1094 265 1173 532,
294 1094 410 1182 quibus
433 1096 632 1161 substantiva
655 1096 807 1160 adiuncta
829 1096 946 1178 habes3
975 1096 1060 1160 adde
1086 1096 1173 1161 locos
1196 1097 1247 1161 Al.
1263 1097 1338 1183 455,
1360 1097 1416 1161 ubi
1438 1097 1592 1161 membris

190 1199 312 1264 voculis
335 1202 356 1289 1)
372 1252 378 1266 .
398 1252 404 1265 .
423 1252 429 1266 .
446 1202 466 1289 1)
480 1199 534 1267 καί
551 1201 715 1266 disiunctis
731 1203 859 1267 tertium
875 1202 973 1287 idque
989 1199 1227 1266 substantivum
1240 1202 1403 1288 particulis
1419 1203 1493 1268 τοτὲ
1509 1197 1539 1266 δ’
1551 1198 1592 1267 ud

190 1304 330 1389 additur,
340 1305 366 1392 4)
393 1306 490 1370 Ther.
515 1307 579 1371 433
603 1306 689 1394 (τοτὲ
713 1302 743 1373 d'
766 1302 929 1393 ἔμπαλιν),
961 1306 1012 1371 ΑΙ.
1033 1306 1097 1371 445
1121 1306 1209 1392 (τοτὲ
1232 1304 1321 1393 obst)
1349 1306 1466 1392 quibus
1494 1328 1591 1370 cnun-

190 1412 267 1474 tiata
290 1410 545 1498 adnectuntur)

232 1676 278 1741 E.
307 1675 368 1742 De
396 1674 616 1755 particulis
643 1674 936 1756 adfirmativis,
964 1673 1274 1755 potentioribus,
1303 1672 1551 1755 causalibus,

610 1788 875 1870 conclusivis,
905 1786 1169 1856 concessivis.

293 1964 390 2028 Tituli
413 1986 509 2049 quem
531 1965 741 2049 praefiximus
765 1964 910 2027 ordinem
933 1964 1033 2026 555511
1057 1964 1196 2047 primum
1224 1959 1267 2025 ad
1293 1959 1468 2045 particulas
1494 1959 1590 2023 adfir-

188 2072 325 2134 mativas
341 2068 580 2155 adgrediamur,
605 2092 684 2155 quas
707 2068 884 2133 litterarum
901 2070 983 2131 serie
1001 2068 1170 2151 dispositas
1185 2075 1324 2129 tractare
1345 2064 1421 2128 mihi
1436 2066 1468 2128 in
1484 2067 1590 2127 animo

189 2186 246 2240 551.
293 2173 456 2238 ordiamur
483 2176 579 2258 igitur
605 2198 625 2238 a
651 2174 808 2259 particula
835 2172 878 2257 γε’,
908 2196 991 2258 quae
1019 2171 1107 2257 apud
1133 2169 1335 2234 Nicandrum
1362 2177 1499 2252 excepto
1526 2190 1589 2232 uno

187 2279 257 2343 loco
280 2277 332 2343 Al.
359 2278 418 2344 157
430 2278 456 2365 7)
484 2277 538 2365 (cf.
563 2288 731 2364 praeterea
761 2300 844 2363 quae
872 2278 956 2341 infra
984 2277 1025 2341 de
1053 2301 1082 2340 v.
1106 2276 1203 2339 Ther.
1225 2274 1288 2337 826
1318 2274 1472 2338 51551515
1500 2271 1588 2358 5551)

187 2406 252 2447 555
275 2383 392 2469 legitur
418 2386 479 2447 nisi
507 2386 686 2469 pronomini
712 2405 870 2468 personae
899 2382 1029 2446 alterius
1052 2380 1103 2445 vel
1132 2380 1390 2444 demonstrativis
1413 2380 1588 2463 postposita

186 2498 243 2552 551
266 2488 431 2574 particulis
453 2487 512 2573 μέν
535 2500 565 2553 51
590 2490 651 2574 μήν
671 2491 858 2574 anteposita.
898 2510 937 2551 55
960 2488 998 2551 ού
1021 2508 1054 2569 γε
1077 2486 1159 2549 XVI
1179 2484 1276 2548 Ther.
1300 2483 1366 2568 (21,
1388 2482 1441 2563 40,
1461 2482 1514 2565 45,
1535 2481 1586 2563 63,

188 2592 239 2672 87,
261 2592 331 2675 128,
347 2593 420 2676 474,
438 2593 513 2675 513,
530 2593 603 2676 557,
622 2593 695 2677 574,
712 2593 784 2676 625,
802 2591 875 2675 645,
893 2591 966 2673 689,
984 2590 1057 2672 848,
1075 2588 1148 2672 885,
1165 2588 1253 2673 909),
1277 2588 1344 2651 XII
1359 2586 1409 2650 Al.
1426 2586 1504 2650 15515
1520 2584 1586 2671 (90,

187 2697 240 2781 92,
260 2696 332 2781 108,
351 2698 421 2781 142,
442 2699 512 2784 171,
533 2698 603 2775 197,
620 2698 694 2781 239,
711 2698 784 2781 262,
801 2698 874 2779 427,
891 2696 966 2779 527,
982 2695 1056 2778 563,
1073 2694 1151 2780 607)
1176 2702 1274 2773 extat,
1298 2690 1386 2774 σέγε
1406 2690 1503 2754 Ther.
1523 2689 1587 2753 583

292 2928 314 2995 1)
332 2930 383 2979 hoo
401 2929 459 2978 1555
479 2936 558 2994 55515
576 2944 592 2977 5
610 2929 783 2978 substantivis
801 2926 835 2977 ad
853 2925 1004 2976 absolutam
1025 2924 1121 2973 transit
1138 2923 1297 2971 orationem:
1315 2922 1363 2969 καί
1378 2934 1406 2968 τε
1425 2919 1459 2967 σὺ
1473 2921 1587 2981 πνετίην

187 3018 289 3081 ὀθόνης
312 3018 452 3067 πολοωπέι
473 3016 563 3080 κόλπῳ
584 3016 588 3079 1
609 3015 753 3083 φύροιμον
780 3014 906 3078 ἠθήσαιο,
937 3012 997 3062 τοτὲ
1028 3012 1135 3079 προκὸς,
1165 3009 1260 3058 ἄλλοτε
1288 3005 1456 3072 νεβροῦ,Ιῆ
1480 3003 1587 3071 ἐρίφου,

186 3104 246 3155 τοτὲ
275 3102 301 3154 d'
319 3106 355 3155 ἂν
378 3106 412 3155 σὺ
439 3103 485 3153 καὶ
508 3102 697 3170 εὐσκτέρθμοιο
720 3102 831 3169 λαγωοῦ
854 3102 858 3163 1
884 3099 1034 3166 αἰνύμενος
1055 3098 1189 3164 μογέοντι
1212 3096 1308 3162 φέροις
1332 3088 1442 3144 εὐαλθέ
1465 3090 1589 3159 atabyria,-

187 3193 220 3243 cf.
234 3193 275 3242 Al.
289 3193 340 3241 362
359 3197 387 3241 51
405 3197 543 3257 praeterea
555 3191 633 3240 Ther.
647 3193 706 3253 237,
720 3191 779 3249 256,
792 3188 833 3238 ΑΙ.
847 3190 890 3248 84,
905 3190 962 3248 113,
977 3187 1035 3247 155,
1049 3187 1108 3246 507,
1127 3185 1161 3233 de
1179 3184 1275 3247 quibus
1293 3180 1360 3230 locis
1372 3180 1449 3229 modo
1464 3179 1587 3228 diximus.

290 3277 313 3345 ²)
332 3278 523 3345 515555111τῷ
541 3278 587 3341 οὓς
606 3278 639 3327 cf.
659 3283 798 3343 praeterea
817 3294 841 3341 p.
855 3277 889 3326 36
908 3275 969 3325 adn.
984 3276 1008 3324 4.

290 3364 313 3431 ³)
332 3368 378 3430 qui
397 3382 460 3415 usus
478 3366 512 3415 ab
531 3366 610 3415 Ther.
624 3381 729 3430 prorsus
748 3366 829 3414 abest.
854 3363 934 3413 aliter
956 3360 1102 3425 comparati
1124 3363 1187 3408 sunt
1208 3356 1259 3405 loci
1282 3355 1322 3404 hi:
1345 3353 1387 3404 Al.
1405 3354 1455 3402 453
1474 3351 1588 3418 ὀχλίζων

185 3454 341 3506 κννόδοντα
362 3450 418 3504 τότ’
430 3451 551 3520 ἠμύοοοι
563 3454 698 3519 χαλινοῖς,
723 3452 772 3501 555
792 3468 847 3515 sqq.
867 3450 921 3500 ὤεα
941 3449 1025 3515 θιβρὰ
1043 3445 1161 3513 χελύνης
1181 3445 1185 3506 Ι
1205 3444 1333 3493 ἀλθαίνει
1351 3441 1410 3491 τότε
1435 3439 1499 3506 (555
1518 3437 1588 3500 τοτὲ,

186 3548 215 3591 51
238 3542 323 3592 edidit
341 3541 372 3592 0.
389 3539 545 3606 Schneider)
573 3542 655 3608 νέρθε
684 3541 768 3607 πορὸς
796 3538 926 3605 ζαφέλοιο
953 3540 1062 3603 κεραίης
1081 3534 1086 3598 Ι
1105 3530 1255 3600 ἀμμίγδην
1279 3529 1368 3579 ἁλίοιο
1391 3527 1588 3592 καθεψηθέντα

181 3629 299 3696 χελύνης
319 3630 323 3691 l
344 3633 439 3695 γυίοις,
468 3629 565 3693 quibus
592 3628 652 3678 τότε
680 3629 798 3693 genuina
824 3627 934 3676 notione
951 3620 1026 3673 ‘tum'
1054 3624 1211 3672 instructum
1240 3619 1275 3669 ad
1304 3617 1447 3683 participia
1477 3613 1588 3675 accedit,

187 3718 283 3781 quibus
302 3733 363 3766 cum
381 3716 448 3766 locis
466 3715 586 3765 conferre
604 3715 668 3765 licet
686 3715 765 3764 Ther.
780 3715 830 3763 578
854 3708 967 3779 πάροιθ’
987 3711 1041 3761 ἀπὸ
1061 3709 1170 3776 λύματα
1188 3707 1290 3774 κόψας)
1308 3722 1334 3756 v.
1347 3703 1475 3753 Kuehner
1492 3702 1519 3751 II
1538 3702 1587 3750 642

184 3805 276 3854 adut
296 3805 364 3853 515.

290 3890 312 3955 ⁴)
332 3890 516 3940 5111151514
536 3893 689 3957 φθίνοντος
707 3890 812 3956 θέρεος,
831 3886 891 3938 τοτὲ
911 3883 936 3936 d'
950 3886 1041 3953 εἴαρος
1060 3884 1220 3949 ἱσταμένοιο
1239 3885 1266 3931 51
1283 3897 1308 3929 v.
1322 3897 1347 3945 p.
1361 3880 1395 3927 34
1413 3876 1473 3926 adn.
1488 3877 1510 3927 7.

290 3976 313 4043 ⁵)
332 3978 365 4027 ef.
379 3982 410 4027 A
423 3979 456 4027 62
475 3993 512 4041 sq.
533 3976 561 4027 ἐκ
579 3978 688 4044 νεφέων
707 3977 894 4043 ἀναφαίνεται
913 3970 1004 4029 οὔλιος
1022 3972 1106 4038 ἀστὴρ
1126 4009 1193 4033 ...,
1212 3967 1272 4019 τοτὲ
1294 3963 1320 4018 δ’
1334 3956 1410 4022 αὖτις
1432 3961 1481 4014 ἔδυ
1502 3964 1589 4030 νέφεα

185 4066 321 4117 σκιόεντα.

291 4152 314 4219 ⁰)
333 4152 463 4203 adverbia
481 4154 527 4203 ὀτέ
545 4158 571 4202 51
589 4153 652 4203 τοτέ
669 4154 698 4201 15
716 4152 757 4201 Al.
772 4151 855 4200 multo
878 4150 984 4213 saepius
1005 4163 1085 4212 quam
1108 4149 1137 4195 in
1155 4145 1234 4194 Ther.
1252 4147 1381 4206 usurpata
1402 4138 1589 4200 inveniuntur3

189 4256 250 4290 narn
269 4240 339 4289 illud
357 4240 409 4289 VII
427 4240 478 4303 Al,
497 4240 523 4289 ΙΙ
542 4240 632 4301 Ther,
650 4240 699 4290 hoo
718 4239 784 4287 XIII
802 4239 852 4301 Al,
872 4237 918 4287 sed
937 4252 990 4285 non
1010 4235 1068 4301 plus
1087 4235 1114 4282 II
1132 4234 1210 4282 Ther.
1231 4231 1296 4280 locis
1315 4229 1421 4293 legItur.

293 4325 314 4393 7)
334 4326 490 4393 οὐλόμενόν
514 4344 545 4393 γε
569 4329 654 4377 ποτὸν
678 4330 781 4393 κορίοιο
805 4325 951 4385 δυσαλθές,
974 4339 1027 4388 quc
1049 4322 1108 4371 loco
1130 4320 1160 4371 0.
1179 4317 1325 4369 Schneider
1347 4314 1513 4380 οὐλομένοιο
1537 4310 1591 4375 legi

187 4415 297 4466 mavult.
321 4421 350 4465 51
373 4416 469 4465 ceteris
488 4415 529 4464 Al.
549 4415 623 4474 locis,
642 4415 738 4479 quibus
756 4414 921 4463 adiectivum
940 4410 1091 4477 οὐλόμενος
1110 4409 1217 4472 legitur,
1236 4405 1298 4470 (280
1317 4400 1423 4468 51466)
1441 4400 1470 4449 id
1488 4412 1592 4464 semper

183 4518 244 4553 oum
270 4502 410 4553 vocabulis
433 4501 513 4557 πόσις
535 4502 578 4551 vel
603 4506 686 4568 πῶμα
711 4502 891 4566 coniungitur.
928 4514 997 4563 quae
1020 4513 1081 4546 cum
1104 4498 1142 4545 115
1165 4497 1226 4555 5151,
1249 4489 1404 4557 οὐλόμενόν
1426 4504 1458 4555 γε
1485 4499 1593 4537 servare

184 4590 286 4651 malim,
305 4592 388 4657 51γέ
405 4589 497 4640 eodem
517 4604 597 4639 sensu
615 4594 696 4653 atque
714 4589 764 4656 πέρ
783 4589 903 4653 aliasque
922 4586 1067 4652 particulas
1085 4583 1120 4633 ad
1139 4576 1591 4639 5115511555]5555651551515551ς

184 4679 249 4747 ely
268 4679 318 4728 256
338 4677 419 4747 (ζωόν
440 4676 483 4747 γε)
503 4678 623 4744 aliosque
643 4678 725 4728 locos.
862 4701 878 4731 a
