3542 5059
246 203 308 268 122

244 398 418 464 adversum
443 399 590 466 hostilem
616 404 723 486 ignem
752 404 851 488 portis
880 401 921 466 de
943 405 1089 487 proximo
1112 399 1360 469 subveniretur'.
1369 403 1395 491 ¹)
1441 429 1524 492 quae
1547 409 1574 471 si
1596 431 1643 472 re·

244 507 399 590 spexeris,
424 507 520 569 etiam
541 529 579 570 ea
599 529 681 592 quae
701 507 898 572 antecedunt
920 531 963 571 ex
979 509 1125 573 Varrone
1141 508 1311 593 desumpta
1332 533 1403 574 esse
1419 513 1643 597 suspicaberis

243 610 276 673 id
305 609 390 696 quod
416 612 481 674 iam
508 611 605 676 rebus
634 623 666 676 et
687 612 796 675 verbis
825 636 908 698 quae
937 613 998 676 hac
1026 612 1230 678 adnotatione
1254 618 1457 680 continentur
1478 618 1644 702 probabile

244 724 300 780 est.
346 737 385 780 ac
408 739 484 780 sane
508 716 621 780 similia
644 727 756 781 extant
779 717 820 781 de
842 717 952 802 lingua
975 718 1047 782 Lat.
1064 719 1095 783 V
1115 719 1176 780 142
1199 729 1232 782 et
1250 719 1319 784 143.
1365 720 1424 784 sed
1446 745 1482 786 re
1504 746 1583 787 vera
1607 748 1644 788 ea

243 821 286 884 ad
301 821 481 885 Varronem
497 822 604 885 redire
621 823 828 887 confirmatur
844 847 863 886 a
879 822 1052 887 Plutarcho
1069 825 1201 905 Quaest.
1219 824 1310 889 Rom.
1327 827 1470 910 XXVII,
1492 828 1548 892 ubi
1563 828 1643 893 haec

242 924 406 1011 leguntur:
435 927 490 991 διὰ
512 924 545 991 τι’
567 933 631 990 πᾶν
653 934 759 1008 τεῖχος
782 925 942 1015 ἀβέβηλον
963 926 1018 992 καὶ
1040 923 1124 1013 ἱερὸν
1146 927 1323 1014 νομίζουσι,
1345 937 1404 1010 τὰς
1425 933 1461 997 δὲ
1483 934 1588 1012 σύλας
1608 939 1644 999 οὐ

242 1030 440 1114 νομίζουσιν,
461 1030 480 1120 ι)
497 1037 648 1118 καθάπερ
669 1031 788 1118 ἔγραψε
804 1037 937 1118 Βάρρων
960 1085 967 1099 .
985 1085 992 1098 .
1010 1084 1017 1098 .
1041 1032 1121 1099 ὅθεν
1141 1029 1173 1100 oi
1187 1036 1283 1101 πόλιν
1297 1030 1356 1101 ἀπ’
1370 1041 1466 1125 ἀρχῆς
1484 1037 1645 1120 κτίζοντες

242 1139 319 1203 ὅσον
340 1139 379 1202 ἂν
405 1137 563 1223 μέλλωσιν
589 1141 692 1204 τόνων
719 1141 944 1223 ἀνοικοδομεῖν
970 1137 1101 1205 ἐπίασιν
1122 1143 1247 1230 ἀρότρῳ
1269 1146 1348 1223 βοῦν
1371 1143 1484 1227 ἄρρενα
1504 1144 1560 1210 καὶ
1581 1149 1645 1232 θή-

242 1244 329 1309 λειαν
354 1243 591 1328 ὑποζεύξαντες,
619 1245 697 1309 ὅταν
725 1245 759 1308 δὲ
787 1250 827 1309 τὰ
854 1243 943 1330 τείχη
970 1244 1203 1331 σεριορέζωσιν,
1231 1252 1290 1326 τὰς
1316 1256 1380 1312 τῶν
1405 1249 1515 1314 ιτολιῖιν
1540 1256 1645 1335 χώρας

242 1351 483 1437 διαμετροῦντες
510 1357 566 1438 τὴν
592 1355 676 1416 ὕννιν
702 1353 892 1438 ὑφαιροῦσιν
917 1349 972 1415 καὶ
994 1350 1228 1438 μεταφέρουσιν
1255 1357 1339 1418 οὕτω
1360 1357 1399 1418 τὸ
1426 1356 1561 1440 ἄροτρον

241 1461 350 1522 iamsi
371 1461 571 1544 reputaveris
592 1459 795 1523 scholiastam
811 1461 917 1544 ipsum
939 1460 1049 1522 testari
1073 1481 1111 1522 ea
1132 1480 1214 1543 quae
1236 1457 1366 1523 Phorm.
1382 1458 1400 1522 I
1419 1461 1445 1541 1,
1464 1461 1504 1524 15
1523 1461 1644 1526 rettulit

241 1588 284 1628 ex
299 1563 404 1628 Probo
427 1564 542 1628 hausta
559 1587 639 1647 esse,
664 1566 821 1649 suspicari
843 1563 954 1628 licebit
976 1572 1084 1627 cetera
1108 1585 1235 1649 quoque
1259 1587 1322 1627 non
1346 1587 1389 1627 ex
1411 1567 1480 1649 ipso
1496 1565 1643 1630 Varrone

240 1671 385 1754 profecta
415 1691 495 1753 esse,
530 1669 587 1733 sed
623 1693 664 1732 ex
695 1672 874 1755 antiquiore
908 1679 1157 1734 commentatore
1187 1668 1240 1733 vel
1273 1671 1370 1733 etiam
1399 1669 1553 1755 pluribus,
1589 1674 1645 1756 qui

241 1776 383 1839 Terentii
400 1774 582 1839 comoedias
605 1774 854 1839 illustraverunt.
903 1774 942 1838 de
958 1774 1123 1839 veteribus
1145 1777 1242 1859 igitur
1258 1775 1400 1839 Terentii
1415 1776 1644 1861 interpretibus

241 1903 318 1943 mox
341 1883 522 1943 accuratius
546 1879 739 1944 disserturus
762 1883 825 1944 iam
849 1880 909 1943 hoc
932 1879 1002 1942 loco
1026 1878 1067 1942 de
1083 1902 1156 1953 uno,
1181 1880 1234 1964 qui
1257 1881 1326 1942 sine
1349 1878 1447 1943 dubio
1463 1879 1644 1944 Varronem

241 1989 344 2070 ipsum
367 1985 491 2069 legerat
514 1986 668 2070 cuiusque
692 1987 827 2070 vestigia
856 2008 917 2048 non
946 2007 1051 2069 pauca
1073 1987 1106 2047 in
1134 1983 1195 2047 hoc
1219 1983 1412 2047 scholiorum
1435 2006 1575 2070 corpore·
1591 1984 1645 2048 de-

240 2090 493 2174 prehenduntur,
517 2089 620 2153 verba
643 2091 769 2153 faciam.
814 2089 970 2153 Helenius
995 2089 1081 2152 Acro
1104 2091 1131 2151 is
1155 2098 1213 2167 est,
1238 2111 1335 2173 quem
1358 2087 1522 2152 Charisius
1545 2088 1585 2153 G.
1602 2090 1642 2154 L.

241 2196 257 2260 I
282 2195 352 2278 192,
369 2194 412 2258 30
435 2197 680 2259 commentarios
703 2216 767 2258 non
789 2194 993 2277 indiligentes
1008 2194 1152 2257 Terentii
1174 2192 1333 2276 Adelphis
1356 2193 1510 2258 adtulisse
1532 2195 1644 2258 refert.

166 2305 168 2311 '
240 2311 338 2386 atque
360 2300 447 2364 idem
471 2323 513 2363 ex
537 2301 772 2364 commentariis
794 2299 855 2363 illis
879 2298 953 2381 219,
972 2298 1026 2380 10,
1050 2296 1124 2381 229,
1141 2297 1197 2382 21,
1224 2297 1295 2380 191,
1312 2296 1368 2381 25,
1393 2298 1539 2382 201116,
1571 2298 1644 2383 126,

243 2405 296 2486 17,
324 2403 488 2490 119121)
512 2415 544 2468 et
566 2403 677 2485 219,5
700 2404 921 2467 adnotationes
945 2404 1118 2487 excerpsit,
1142 2402 1259 2487 quibus
1283 2401 1315 2464 hi
1338 2402 1560 2488 Adelphorum
1582 2404 1645 2469 loci

240 2510 452 2575 illustrantur:
476 2509 554 2594 prol.
573 2508 606 2591 9,
630 2509 646 2572 I
672 2511 698 2592 1,
718 2509 767 2572 15.
785 2508 839 2591 20,
863 2509 897 2572 II
919 2508 949 2588 4,
967 2507 1023 2590 23,
1046 2507 1078 2571 V
1093 2509 1123 2587 3,
1140 2506 1198 2590 23,
1222 2506 1252 2590 9,
1269 2507 1299 2591 5,
1328 2517 1361 2571 et
1386 2518 1555 2592 praeterea
1576 2520 1644 2573 tres

241 2640 283 2680 ex
307 2617 543 2678 commentariis
566 2613 608 2677 ad
631 2612 995 2694 Ε111111ο11ο111210,15,
1021 2611 1094 2689 201,
1111 2613 1145 2693 3,
1169 2611 1279 2694 216,9
1302 2611 1345 2675 ad
1368 2611 1427 2675 hos
1449 2610 1548 2676 locos:
1573 2613 1588 2677 I
1614 2615 1644 2697 1,

240 2721 273 2803 5,
298 2720 328 2804 2,
344 2719 401 2803 46,
425 2719 459 2783 II
481 2720 508 2800 1,
526 2719 545 2781 8
569 2718 764 2782 referendas.
804 2740 904 2802 quare
919 2726 1007 2781 recte
1024 2715 1173 2802 Schopen
1189 2740 1220 2802 p.
1238 2715 1279 2778 39
1296 2739 1342 2802 sq.
1367 2726 1400 2780 et
1414 2717 1645 2801 Umpfenbach

239 2828 271 2889 in
288 2826 431 2889 Terentii
455 2825 602 2889 editionis
624 2824 822 2909 praefatione
845 2846 874 2907 p.
892 2822 1077 2886 XXXVIII
1100 2831 1279 2887 statuerunt
1293 2822 1458 2886 Aaronem
1474 2832 1561 2886 certe
1583 2820 1644 2885 has

240 2931 321 2994 duas
352 2929 479 2993 fabulas
510 2931 755 3015 interpretatum
787 2950 866 2991 esse.
914 2928 1078 2991 Donatum
1112 2936 1220 2990 autem
1251 2926 1414 2990 Aaronem
1447 2925 1644 3011 expilavisse

203 3050 207 3058 ·
239 3035 346 3099 multis
377 3038 575 3119 argumentis
606 3033 839 3119 comprobatur,
887 3035 1005 3096 etenim
1035 3031 1122 3116 apud
1153 3031 1336 3097 Charisium
1360 3031 1375 3095 I
1397 3030 1471 3113 229,
1489 3030 1526 3093 21
1560 3031 1645 3095 haec

238 3142 402 3226 leguntur:
438 3132 544 3225 ‘atque
573 3163 629 3224 pro
659 3149 699 3204 et.
724 3140 893 3203 Terentius
921 3140 954 3200 in
977 3136 1134 3221 Adelphis
1163 3135 1321 3222 (sequitur
1343 3159 1456 3200 versus
1482 3136 1498 3199 l
1529 3134 1644 3221 1,15),

238 3247 295 3310 ubi
310 3245 420 3309 Acron
443 3237 579 3330 ‘argute'
601 3247 716 3329 inquit3
740 3236 827 3308 ‘nam
850 3267 908 3328 per
931 3243 1015 3307 hanc
1032 3244 1288 3306 coniunctionem
1311 3242 1480 3304 transitum
1502 3241 1580 3305 fecit
1600 3240 1646 3303 ad

238 3346 466 3415 narrationem'
489 3353 575 3415 etin
599 3350 727 3414 scholiis
751 3349 793 3413 ad
821 3348 961 3412 eundem
983 3370 1128 3411 versum:
1163 3338 1326 3410 ‘transitus
1349 3344 1391 3409 ad
1414 3355 1644 3429 argumentum

239 3451 482 3520 subtilissimus'.
528 3466 596 3519 tum
620 3455 635 3519 I
659 3454 731 3537 219,
748 3455 778 3536 5,
803 3476 865 3539 quo
888 3453 957 3517 loco
980 3475 1094 3517 versus
1118 3451 1181 3515 Ad.
1200 3452 1230 3515 V
1246 3451 1313 3533 9,5
1343 3450 1489 3515 adfertur
1511 3459 1543 3513 et
1569 3449 1645 3532 192,

239 3561 282 3624 30
306 3598 347 3606 -
372 3562 616 3624 commentarios
640 3559 777 3623 Acronis
800 3557 842 3622 ad
866 3557 1034 3642 Adelphos
1057 3556 1101 3619 ibi
1125 3565 1250 3620 tantum
1276 3557 1434 3618 nominari
1457 3576 1555 3638 supra
1579 3553 1645 3617 dic-

237 3675 306 3730 tum
330 3675 379 3728 est
395 3703 436 3710 -
452 3663 614 3732 Aaronem
639 3662 759 3727 dixisse
783 3662 922 3726 refertur
941 3653 1075 3724 ‘sedulo'
1091 3661 1225 3724 fortasse
1248 3658 1334 3722 idem
1359 3681 1430 3722 esse
1453 3657 1540 3744 quod
1563 3649 1645 3723 ‘sine

239 3765 332 3850 dolo',
358 3793 440 3854 quae
464 3771 630 3852 originatio
655 3767 872 3852 compluribus
895 3765 972 3829 locis
996 3767 1029 3828 in
1052 3764 1178 3828 scholiis
1201 3765 1370 3847 repetitur:
1398 3763 1515 3827 Eunl
1537 3763 1567 3843 2,
1584 3762 1644 3845 58,

238 3873 335 3938 Adl
361 3875 389 3956 1,
406 3873 461 3954 25,
485 3873 517 3936 II
541 3872 570 3956 2,
586 3873 643 3955 43,
667 3873 718 3936 III
741 3873 770 3951 3,
788 3872 844 3952 59,
869 3872 950 3934 Ηοο.
968 3871 984 3934 I
1003 3871 1029 3953 1,
1047 3870 1080 3945 6,
1104 3869 1233 3933 Phorm.
1250 3869 1283 3931 II
1307 3868 1337 3949 3,
1355 3867 1437 3953 81.³)
1461 3866 1578 3931 deinde
1602 3890 1645 3931 ea

239 4002 322 4064 quae
345 3977 387 4042 ad
407 3978 523 4041 Eunl¹
548 3979 576 4062 1,
593 3978 613 4041 5
637 3978 854 4062 proferuntur:
878 3968 999 4060 ‘prius
1019 3974 1114 4038 modo
1130 3973 1172 4037 ad
1188 3973 1328 4056 laudem,
1349 3995 1413 4036 non
1432 3971 1475 4035 ad
1496 3970 1645 4036 ordinem

238 4077 387 4169 pertinet'
412 4085 591 4168 comparari
614 4091 747 4168 possunt
771 4104 844 4146 cum
864 4081 1001 4145 Acronis
1024 4078 1228 4143 adnotatione
1251 4078 1338 4163 apud
1362 4077 1544 4143 Charisium
1568 4075 1644 4159 210,

243 4189 292 4273 15,
316 4189 372 4252 ubi
395 4187 476 4251 haec
499 4188 663 4272 leguntur:
687 4179 806 4272 ‘prius
829 4208 887 4272 pro
911 4184 1033 4265 mehus,
1058 4184 1174 4267 utilius,
1199 4186 1370 4269 antiquius.
1415 4183 1586 4246 Terentius
1609 4183 1645 4244 in

345 4363 365 4432 1)
385 4366 511 4416 Varronis
523 4365 701 4428 fragmentum
714 4363 782 4412 libro
795 4368 889 4426 quarto
902 4363 1092 4425 antiquitatum
1105 4374 1193 4409 rerum
1207 4360 1381 4408 humanarum
1395 4357 1489 4406 tribuit
1501 4356 1530 4405 P.
1543 4355 1643 4404 Mirsch

239 4458 267 4505 in
287 4454 354 4505 stud.
368 4455 441 4518 Lips.
454 4453 507 4502 vol.
521 4452 545 4500 V
558 4469 583 4515 p.
598 4453 639 4513 94,
659 4453 757 4501 Donati
775 4451 863 4500 locum
881 4466 936 4499 non
954 4450 1059 4499 adtulit.

344 4538 365 4606 ⁹)
385 4541 434 4590 hoc
453 4540 510 4589 loco
529 4538 659 4588 Aaronem
672 4539 796 4588 Verrium
815 4538 1015 4603 impugnavisse
1034 4536 1106 4584 dicit.

344 4625 366 4692 1)
386 4642 449 4676 sane
468 4642 484 4675 a
501 4625 588 4674 Nonio
607 4626 668 4673 151
690 4625 720 4672 L.
734 4621 770 4673 M.
791 4629 817 4672 et
836 4622 939 4699 Serviov
952 4621 985 4672 ad
998 4622 1077 4688 Verg.
1092 4620 1157 4671 Aen.
1171 4619 1197 4670 II
1216 4620 1267 4670 374
1286 4617 1427 4668 edocemur
1449 4617 1519 4668 hanc
1543 4620 1644 4679 etymo·

240 4715 340 4781 logiam
358 4714 496 4779 vulgatam
514 4713 603 4762 fuisse.
