3542 5059
1506 219 1547 285 21

163 412 193 474 Χ
217 384 264 475 Al.
276 410 300 496 1)
343 410 386 497 (8,
412 412 465 495 39,
493 412 564 495 167,
595 412 665 496 176,
693 412 762 496 183,
787 411 860 495 321,
886 410 959 496 394,
982 412 1056 495 533,
1080 412 1153 496 554,
1177 413 1265 499 555).
1310 436 1550 501 nonnumquam

163 514 250 601 (VIII
275 516 383 599 Ther,
414 516 443 581 V
471 515 522 580 Al.
550 515 642 602 16616)
682 516 841 597 membra,
881 540 965 603 quae
1002 516 1125 581 voculis
1162 521 1197 583 τὲ
1230 516 1285 584 καί
1316 522 1550 605 consociantur,

161 622 201 683 ita
228 620 371 685 ordinata
406 630 488 705 sunt,
523 630 558 685 ut
590 624 645 685 uni
680 622 879 686 substantivo
914 622 1000 686 nude
1034 625 1135 707 posito
1169 623 1364 688 adiectivum
1397 625 1551 689 succedat

162 724 281 789 alterius
315 726 522 809 substantivi,
558 726 642 811 quod
677 749 805 791 versum
841 726 970 791 claudit.
1013 736 1108 812 atque
1141 726 1329 814 aliquotiens
1363 726 1484 813 (sexies
1517 732 1550 794 in

161 828 258 914 Ther,
286 830 336 894 bis
366 832 399 894 in
421 830 488 917 ΑΙ.)
518 833 550 894 16
578 832 711 917 singulis
741 831 887 899 versibus
919 841 1011 896 terna
1042 832 1187 896 membra
1220 855 1258 896 ea
1289 835 1421 917 ratione,
1454 857 1550 920 quam

161 938 481 1024 commemoravimus,
510 938 593 1000 inter
619 958 653 1000 se
677 938 923 1021 coniunguntur.
969 935 1107 1021 denique
1135 937 1360 1002 memorandus
1387 947 1436 1003 est
1461 939 1550 1003 loeus

159 1038 247 1104 Ther.
272 1039 335 1103 812
358 1042 556 1127 πεμφρηδὼν
585 1039 674 1129 ὀλίγη
702 1065 737 1105 τε
767 1039 821 1106 καὶ
850 1044 1034 1129 ὀμφικαρης
1062 1042 1290 1127 matthana,
1325 1042 1381 1106 ubi
1410 1041 1446 1107 τέ
1476 1065 1550 1107 cum

159 1142 240 1231 ὀλίγη
272 1148 485 1230 coniungitur,
525 1167 722 1232 quamquam
756 1169 828 1211 eam
858 1146 1049 1231 particulam
1078 1155 1151 1231 post
1183 1148 1381 1235 πεμφρηδών
1413 1150 1550 1233 positam

115 1284 117 1297 .
159 1270 222 1312 esse
244 1259 470 1335 expectamus3
494 1252 584 1314 cuius
607 1253 654 1315 rei
677 1273 775 1315 causa
797 1251 934 1335 videtur,
960 1250 1045 1336 quod
1067 1252 1266 1339 πεμφρηδὼν
1284 1249 1374 1338 ὀλίγη
1398 1254 1430 1316 16
1452 1274 1550 1317 66616

158 1356 241 1437 quasi
272 1354 390 1419 coaluit
420 1357 581 1419 notionem
612 1364 643 1419 et
676 1365 781 1441 poeta,
816 1365 851 1419 ut
883 1358 948 1419 iam
979 1358 1196 1440 exposuimus,
1227 1356 1402 1441 particulas
1431 1358 1466 1421 τὲ
1495 1354 1551 1422 καί

157 1479 284 1523 caesura
315 1458 478 1523 trochaica
509 1460 692 1545 disiungere
722 1458 841 1543 661611)
876 1460 1037 1524 adiectiva
1068 1483 1141 1524 cum
1171 1459 1338 1524 adiectivis
1369 1463 1550 1525 consociata

155 1561 251 1627 habes
274 1564 341 1628 VII
363 1564 460 1629 Ther.
489 1563 567 1629 16616
600 1564 665 1651 (34,
690 1564 761 1648 148,
784 1565 857 1648 213,
879 1564 953 1647 369,
974 1564 1048 1648 385,
1068 1564 1142 1647 478,
1164 1564 1281 1650 659),3)
1308 1566 1359 1629 ΠΙ
1381 1565 1433 1630 ΑΙ.
1461 1564 1549 1651 (189,

155 1666 223 1751 500,
236 1666 355 1755 578),4)
372 1669 474 1733 verba
494 1679 603 1733 autem
623 1693 697 1733 cum
712 1669 820 1733 verbis
836 1655 887 1733 ΙΠ
902 1669 999 1734 Ther.
1018 1668 1083 1755 (77,
1104 1668 1208 1755 olef)
1225 1669 1311 1756 777).
1350 1672 1494 1755 sequitur
1515 1678 1551 1734 ut

155 1794 205 1836 eos
242 1796 470 1838 enumeremus
513 1774 614 1858 locos,
660 1774 775 1859 quibus
811 1776 960 1838 iunctura
1005 1776 1039 1838 τὲ
1076 1772 1131 1838 καί
1172 1774 1408 1838 substantivum
1446 1774 1550 1860 quod-

155 1875 224 1940 dam
271 1902 346 1942 cum
384 1878 516 1943 relativo
554 1878 641 1965 quod
678 1881 822 1965 sequitur
859 1881 1021 1943 enuntiato
1059 1880 1269 1962 66666616161,
1280 1878 1305 1963 6)
1351 1878 1447 1942 Ther.
1477 1879 1550 1962 736,

153 1980 201 2045 Al.
224 1982 336 2069 429,1)
370 1982 452 2066 4903
487 1984 572 2048 adde
599 1984 651 2049 Al.
681 1983 721 2046 78
755 1985 835 2070 ὑπὲρ
868 1981 978 2067 γένοοίς
1010 2006 1045 2048 τε
1055 1981 1082 2069 8)
1119 1981 1174 2048 καί
1202 1978 1224 2072 ᾗ
1250 1980 1431 2068 ῥυσοίνεται
1460 1980 1548 2048 οὖλα.

152 2087 276 2152 accedit
303 2087 392 2152 locus
420 2087 517 2153 Ther.
542 2088 615 2172 602,
644 2111 707 2174 quo
734 2088 926 2154 adverbium
952 2111 1026 2152 cum
1056 2087 1214 2152 adieetivo
1248 2090 1392 2152 neutrius
1420 2090 1549 2171 generis

151 2191 297 2257 adverbii
327 2192 398 2256 loco
428 2195 531 2278 posito
562 2196 767 2258 coniunctum
800 2202 858 2279 661,
892 2194 990 2282 χύδην
1019 2217 1054 2258 τε
1080 2191 1302 2258 6616616666
1327 2195 1550 2281 ὀμφικυκήοας

152 2294 203 2381 (61.
224 2297 324 2362 Ther.
346 2297 433 2384 495).

251 2412 390 2475 Restant
418 2410 502 2475 duae
529 2413 706 2496 particulae
735 2411 946 2497 copulativae,
974 2410 1032 2500 1)δέ
1054 2421 1086 2476 61
1109 2410 1166 2478 tciri.
1213 2434 1349 2497 quarum
1376 2434 1441 2475 una
1464 2408 1548 2497 (ἠδέ)

149 2516 180 2576 16
195 2515 295 2580 Ther.
313 2514 385 2579 solis
401 2517 563 2580 invenitur
584 2518 639 2600 ita,
667 2526 701 2580 ut
724 2519 867 2601 exceptis
882 2516 961 2580 locis
982 2516 1056 2599 383,
1073 2515 1146 2600 878,
1162 2515 1226 2580 900
1248 2518 1281 2579 16
1304 2518 1412 2602 quinto
1436 2537 1549 2580 versus

148 2619 230 2703 pede
260 2622 494 2705 conspiciatur3
527 2620 627 2685 altera
656 2618 732 2707 (166)
760 2624 871 2707 paucis
899 2630 1023 2685 tantum
1049 2621 1281 2685 Theriacorum
1303 2620 1549 2705 Alexipharma-

150 2746 326 2811 corumque
361 2725 438 2789 locis
471 2725 597 2810 legitur.
644 2726 845 2790 substantiva
874 2728 972 2811 igitur
1005 2726 1213 2791 substantivis
1242 2723 1301 2811 ἠδέ
1329 2725 1549 2812 adiunguntur

148 2902 357 2911 ψ

148 3013 193 3064 1116
209 3017 355 3081 genetivus
374 3015 473 3065 talibus
492 3016 556 3065 locis
574 3022 621 3077 661,
640 3017 732 3080 quales
749 3016 826 3066 Ther.
841 3017 901 3078 540,
918 3018 969 3065 693
988 3015 1097 3083 φύρσον
1116 3016 1180 3072 oter
1198 3014 1270 3065 δίοιο
1288 3015 1412 3082 (quocum
1424 3032 1472 3065 666
1490 3017 1549 3065 1616

148 3107 286 3168 comparat
304 3103 334 3152 Ο.
349 3102 494 3153 Schneider
505 3108 524 3153 Ι
535 3105 585 3152 214
604 3107 689 3155 πάσσε
709 3101 734 3153 d'
753 3104 818 3160 ἁλὸς
836 3103 946 3170 θείοιο),
963 3104 1005 3153 Al.
1023 3105 1082 3164 203,
1100 3105 1150 3152 369
1169 3103 1204 3155 al.
1224 3109 1293 3153 sunt.

251 3197 273 3264 1)
294 3199 360 3249 VlII
378 3199 443 3248 16616
461 3200 532 3249 16161
549 3200 581 3250 τέ
587 3205 624 3249 61
641 3202 690 3249 καί
705 3215 816 3249 6666616
834 3204 907 3250 extat
925 3200 1072 3264 trochaica3
1099 3199 1146 3249 sed
1167 3200 1278 3260 duobus,
1298 3201 1348 3249 167
1361 3199 1459 3260 61555,
1479 3201 1550 3250 inter

147 3286 177 3335 τέ
194 3291 221 3336 61
238 3291 291 3337 καί
306 3286 417 3337 voculae
436 3287 567 3351 quaedam
585 3287 763 3337 intercedunt.

250 3381 273 3448 ⁹)
294 3398 362 3447 quae
381 3384 450 3433 ratio
469 3385 550 3433 etiam
568 3384 639 3448 apud
657 3383 724 3433 alios
742 3385 847 3449 generis
866 3383 992 3432 didactici
1004 3388 1096 3448 poetas
1108 3382 1190 3444 valet,
1208 3382 1294 3433 veluti
1307 3382 1379 3448 apud
1390 3382 1548 3433 Marcellum

148 3468 276 3535 Sidetam,
300 3472 328 3519 in
350 3472 427 3520 66166
445 3471 594 3536 fragmento
619 3472 704 3536 primo
726 3472 796 3520 inter
814 3472 847 3519 43
871 3486 962 3519 versus
986 3486 1040 3520 non
1063 3473 1151 3520 minus
1173 3476 1226 3521 tres
1248 3469 1301 3519 loci
1323 3471 1498 3520 inveniuntur
1519 3473 1548 3521 in

147 3556 217 3608 hunc
236 3558 346 3608 modum
365 3560 523 3623 comparati:
545 3559 696 3621 17,18,27.

250 3652 273 3721 1)
291 3656 320 3703 16
332 3672 375 3705 vv.
391 3656 439 3704 148
453 3656 542 3704 61478
561 3655 675 3704 61161616
694 3654 856 3704 adiectivum
875 3654 944 3703 nihil
963 3655 1014 3703 nisi
1033 3654 1159 3718 negativa
1177 3654 1271 3718 prioris
1289 3653 1417 3703 adiectivi
1436 3655 1547 3703 circum·

147 3739 246 3791 locutio
266 3746 318 3805 est3
341 3742 374 3791 de
387 3758 439 3807 quo
453 3758 503 3791 usu
516 3742 549 3791 cf.
563 3742 593 3791 Ο.
608 3742 755 3792 Schneider
767 3743 795 3791 in
808 3742 848 3791 ed.
863 3741 969 3792 Gallim.
987 3741 1000 3789 1
1018 3758 1044 3805 p.
1057 3742 1117 3800 208,
1135 3742 1227 3804 quiex
1239 3742 1334 3790 aetatis
1352 3742 1447 3805 prioris
1463 3743 1548 3805 poetis

147 3828 232 3879 adfert
257 3830 283 3878 h.
297 3830 375 3879 Horu.
392 3833 421 3879 in
438 3830 518 3879 Mero.
533 3830 592 3890 284,
612 3829 704 3879 Aesch.
718 3829 789 3893 Sept.
805 3831 866 3893 1043
895 3844 981 3893 neque
998 3827 1066 3878 illud
1084 3828 1348 3893 praetermittendum
1364 3828 1478 3892 videtur,
1505 3828 1547 3878 his

148 3917 272 3966 omnibus
290 3915 356 3966 locis
374 3922 484 3981 excepto
503 3934 528 3966 v.
543 3918 593 3965 369
607 3918 676 3966 inter
694 3917 724 3967 τέ
742 3921 768 3966 61
786 3920 834 3966 κοί
850 3932 988 3966 6666616111
1006 3916 1169 3966 trochaicam
1187 3916 1361 3977 intercedere,
1378 3916 1448 3980 quod
1467 3917 1547 3966 etiarn

147 4002 179 4051 de
197 4004 323 4053 omnibus
342 4020 407 4067 quos
425 4004 551 4068 deinceps
569 4004 687 4053 adieram
705 4003 771 4053 locis
789 4004 869 4055 valet.

251 4098 274 4164 ⁴)
293 4100 334 4149 his
352 4099 418 4149 locis
436 4100 571 4150 adiectiva
589 4116 649 4149 curn
668 4102 825 4165 participiis,
844 4102 871 4149 in
890 4100 987 4164 quibus
1006 4101 1155 4149 accuratior
1173 4098 1294 4149 definitio
1308 4101 1386 4161 inest,
1404 4101 1548 4149 coniuncta

148 4186 332 4237 inveniuntur.
1226 4177 1228 4181 ¹

251 4272 274 4339 5)
293 4274 419 4326 hocloco
438 4280 465 4325 61
482 4276 561 4325 Ther.
576 4278 625 4325 777
645 4276 756 4325 verbum
776 4273 870 4341 (ἐστίν)
889 4280 978 4325 166616
996 4274 1176 4339 supplendum
1195 4280 1240 4325 est.

252 4360 274 4429 ⁶)
294 4362 326 4411 cf.
339 4362 418 4412 Ther.
430 4364 480 4411 890
493 4367 520 4411 61
531 4361 573 4411 Al.
585 4364 648 4426 39⁰3
668 4362 733 4412 16616
752 4377 832 4426 supra
845 4363 932 4411 citatis
950 4363 1015 4411 item
1034 4366 1111 4411 terna
1123 4364 1194 4413 inter
1212 4378 1240 4413 66
1254 4362 1412 4427 copulantur
1429 4365 1549 4413 membra

148 4462 260 4498 caesura
278 4449 412 4499 1166116166
431 4450 500 4499 16161
518 4450 549 4499 τέ
566 4455 593 4499 61
611 4453 660 4499 κοί
674 4450 752 4499 661116
771 4464 843 4499 more
861 4449 1050 4499 intercedente.

293 4536 336 4585 hic
358 4551 449 4587 versus
468 4541 496 4587 et
513 4536 554 4587 Al.
567 4539 619 4586 490
638 4537 731 4587 eodem
755 4536 832 4585 modo
856 4534 1012 4585 conformati
1034 4541 1108 4585 sunt:
1132 4534 1160 4586 τὲ
1183 4536 1230 4586 καὶ
1254 4536 1287 4602 ἣν
1305 4536 1439 4604 Πέρσειον
1462 4535 1548 4605 (Προ-

253 4532 264 4562 7

146 4535 275 4688 μένειον1
292 4620 414 4674 ἕπουσιν.

252 4706 274 4774 ⁸)
291 4710 340 4760 hoc
358 4710 417 4761 1666
435 4712 516 4761 etiam
534 4710 674 4761 collocatio
693 4710 841 4777 particulae
859 4709 891 4761 τέ
907 4708 1023 4759 notanda
1041 4716 1087 4761 661.
