3542 5059
315 355 381 421 Sed
405 364 441 420 ut
463 355 545 419 haec
569 356 713 441 quaestio
736 356 919 419 accuratius
937 353 1124 440 explicetur,
1148 354 1182 419 id
1205 354 1296 419 nobis
1313 354 1475 439 agendum
1499 377 1532 418 es

209 461 402 548 quibusnam
433 484 476 525 ex
502 459 642 526 fontibus
674 459 886 547 etymologiae
914 481 996 545 quae
1023 462 1055 524 in
1086 460 1147 524 hoc
1179 459 1372 524 scholiorum
1403 481 1537 546 corpore

208 568 381 632 veniuntur
404 566 538 630 haustae
558 568 630 648 sint,
654 564 867 649 exploremus.
915 564 1095 650 complures
1114 567 1211 649 igitur
1232 564 1350 628 diserte
1372 563 1546 628 adVarr01

207 671 401 737 referuntur.
447 673 565 735 etenim
588 670 671 735 Eun.
689 670 721 734 II
745 669 774 750 2,
792 669 833 733 25
864 668 1035 734 scholiasta
1065 671 1141 754 ipsis
1161 670 1316 734 Varronis
1342 667 1451 734 verbis
1481 668 1550 755 prol

208 777 294 842 hunc
322 779 354 840 in
381 775 469 840 libris
497 778 551 861 qui
579 777 784 860 antiquitates
812 797 921 838 rerum
943 775 1162 838 Romanarum
1185 773 1402 838 inscribuntur
1424 775 1557 858 exposui

208 882 360 947 adfirmat
381 882 503 945 Forum
520 879 685 966 Cupidinis
710 889 741 944 et
756 878 932 944 Macellum
955 878 997 942 ab
1016 877 1141 943 duobus
1156 877 1347 960 hominibus,
1372 900 1507 963 quornm
1529 901 1562 942 ur

207 987 381 1052 Numerius
404 986 553 1071 Equitius
576 983 715 1070 Cuppes,
739 983 820 1048 alter
843 983 1076 1048 ottomanus
1099 983 1256 1047 Macellus
1278 983 1466 1067 vocabatur,
1493 1004 1567 1047 nom

208 1092 374 1175 accepisse
405 1098 502 1173 atque
533 1111 552 1152 a
580 1089 650 1153 foro
678 1087 799 1174 Ouppis
830 1087 1078 1173 cuppedinarios
1109 1087 1210 1151 dictos
1241 1109 1321 1152 esse.
1368 1087 1408 1151 de
1438 1087 1500 1152 hac
1530 1110 1571 1152 vo

208 1194 323 1259 eadem
342 1192 463 1257 rettulit
477 1193 581 1257 Varro
602 1191 643 1256 de
661 1191 772 1276 lingua
792 1193 829 1256 L·.
847 1193 878 1257 V
898 1191 958 1254 146
974 1214 1021 1277 sq.
1043 1202 1076 1256 et
1093 1193 1211 1256 Festus
1231 1215 1262 1277 p.
1280 1191 1323 1255 34
1338 1192 1376 1256 Τ.
1416 1195 1462 1256 sic
1483 1214 1578 1279 quoqu

207 1301 291 1364 Eun.
308 1298 376 1363 llll
399 1299 429 1381 3,
447 1297 464 1359 7
489 1296 571 1360 haec
586 1297 792 1361 adferuntur:
817 1289 932 1362 ‘Varro
948 1297 990 1360 ad
998 1296 1024 1382 ¹)
1040 1296 1244 1361 Marcellum:
1262 1296 1299 1358 id
1311 1307 1480 1382 praesenta
1497 1296 1581 1381 legat

208 1402 367 1480 omnibus,
391 1402 536 1465 caercitu
555 1399 774 1486 pronuntiat.
814 1403 1026 1488 praemittitur
1041 1402 1207 1488 Pomponii
1230 1402 1318 1466 locus
1341 1401 1505 1486 (Ribbeck
1520 1400 1588 1467 Oen

208 1510 300 1575 Rom.
317 1507 372 1572 fr.²
394 1531 425 1593 p.
443 1505 516 1589 232,
533 1506 599 1592 47).
647 1506 763 1570 deinde
791 1507 891 1590 libris,
920 1505 1036 1592 quibus
1065 1506 1105 1570 de
1129 1506 1178 1570 his
1205 1507 1303 1570 rebus
1327 1509 1509 1592 expositum
1532 1529 1593 1571 erar

207 1636 271 1678 non
294 1613 444 1678 indicatis
467 1612 602 1696 legimus
618 1610 682 1675 Ad.
699 1611 767 1676 llll
790 1611 820 1695 2,
838 1611 877 1674 37
902 1606 1067 1676 ‘sacellum
1089 1622 1124 1676 ut
1140 1613 1244 1677 Varro
1260 1614 1314 1696 ait,
1338 1634 1431 1676 sacra
1455 1611 1536 1676 cella
1551 1621 1598 1676 est

208 1729 241 1783 et
256 1718 288 1782 V
304 1717 334 1804 8,
352 1717 394 1780 29
418 1709 531 1781 ‘verba
547 1739 618 1780 esse
642 1739 661 1780 a
676 1718 811 1780 veritate
836 1716 923 1780 dicta
937 1726 1073 1781 testatur
1089 1713 1214 1782 Varro'.
1253 1739 1292 1780 ac
1315 1718 1455 1802 priorem
1478 1718 1599 1802 origina

206 1827 325 1889 tionem
354 1823 476 1889 Gellius
502 1823 542 1886 N.
559 1820 599 1885 A.
617 1821 682 1886 VH
708 1820 757 1906 12,
779 1821 862 1907 5sq.
886 1845 907 1885 a
927 1822 962 1887 O.
985 1822 1139 1886 Trebatio
1166 1825 1199 1886 in
1225 1821 1307 1886 libro
1336 1821 1377 1886 de
1405 1820 1608 1905 religionibus

206 1930 240 1995 II
263 1930 468 2015 propositam,
492 1925 550 1990 sed
574 1949 646 1990 eam
668 1926 873 1990 refutandam
898 1949 969 1990 esse
992 1926 1080 2010 dicit,
1104 1950 1178 1991 cum
1201 1926 1356 1990 sacellum
1379 1926 1518 2012 simplex
1541 1948 1610 1990 ver-

206 2034 286 2099 bum
313 2043 345 2098 et
368 2057 387 2097 a
410 2055 502 2097 sacro
526 2031 759 2096 deminutivum
788 2034 836 2096 sit.
883 2032 941 2096 sed
969 2034 1037 2096 sive
1061 2032 1185 2098 Gellius
1208 2033 1388 2097 Varronem
1419 2033 1610 2117 impugnare

207 2140 308 2204 noluit
331 2142 399 2204 sive
423 2160 461 2201 eo
484 2146 638 2223 ternpore,
667 2159 729 2223 quo
752 2135 833 2201 haec
857 2139 995 2223 scripsit,
1018 2138 1162 2201 Trebatii
1190 2136 1307 2201 librum
1331 2137 1434 2201 solum
1456 2138 1489 2200 in
1512 2138 1612 2200 mani-

206 2244 267 2309 bus
283 2243 405 2325 habuit,
430 2252 517 2307 certe
534 2265 632 2306 causa
654 2264 717 2306 non
734 2253 791 2326 est,
815 2264 874 2305 cur
889 2243 1069 2308 Varronem
1085 2243 1170 2307 hanc
1186 2243 1413 2329 etymologiam
1435 2244 1469 2305 in
1484 2241 1565 2306 libro
1578 2242 1609 2306 V

206 2350 430 2435 antiquitatum
458 2369 567 2411 rerum
595 2346 786 2430 divinarum,
815 2349 961 2432 quierat
985 2347 1025 2410 de
1049 2346 1215 2433 sacellisff)
1243 2347 1412 2433 protulisse
1440 2368 1606 2432 negemus

206 2454 341 2519 alteram
361 2461 469 2518 autem
489 2454 732 2538 originationem
748 2475 767 2516 a
782 2452 930 2516 Varrone
947 2451 1124 2536 profectam
1144 2474 1214 2516 esse
1231 2474 1268 2515 eo
1285 2452 1502 2534 confirmatur,
1523 2450 1610 2537 quod

208 2583 247 2624 ea
268 2562 302 2624 in
325 2558 498 2644 Augustini
526 2557 566 2621 de
590 2556 760 2620 dialectica
782 2555 892 2642 111113)
916 2558 980 2621 cb
1003 2557 1130 2642 legitur,
1156 2557 1213 2620 ubi
1240 2560 1322 2621 inter
1348 2567 1498 2642 quattuor
1521 2559 1610 2620 vocis

205 2663 300 2729 verbi
323 2663 530 2750 etymologias
554 2662 636 2726 haec
659 2683 787 2747 quoque
810 2661 939 2746 legitur:
964 2655 1112 2726 ‘verbum
1133 2685 1245 2725 avero
1266 2664 1524 2747 cognominatum
1540 2656 1608 2725 est'.

206 2769 256 2833 his
287 2767 448 2832 accedunt
476 2767 539 2831 loci
561 2766 624 2832 Ad.
642 2766 719 2849 VS,
739 2766 777 2829 16
808 2758 904 2830 ‘anno
932 2766 1063 2831 demum
1090 2770 1200 2853 quinto
1224 2777 1255 2830 et
1268 2768 1496 2852 sexagesimo:
1527 2766 1609 2829 haec

206 2882 296 2938 aetas
319 2882 377 2956 est,
407 2881 442 2935 ut
462 2873 567 2936 Varro
590 2873 643 2954 ait,
675 2874 771 2936 etiam
802 2874 997 2935 comicorum
1028 2867 1153 2935 senum’
1177 2881 1208 2935 et
1230 2869 1392 2935 Phorml
1419 2871 1514 2953 1,15‚
1546 2892 1609 2955 qno

205 2977 276 3043 loco
304 2976 475 3042 scholiasta
501 2984 637 3041 testatur
664 2999 698 3040 se
728 2999 765 3040 ea
794 2999 877 3062 quac
898 2977 1003 3041 Varro
1031 2976 1073 3040 de
1099 2979 1209 3061 pueris
1239 2976 1298 3040 diis
1321 2974 1484 3039 initiandis
1510 2974 1611 3039 refert

205 3107 248 3148 ex
271 3083 376 3147 Probo
400 3082 611 3167 sumpsissefi)
657 3090 757 3146 restat
779 3082 868 3145 locus
892 3081 954 3145 Ad.
972 3082 1040 3146 IIII
1063 3081 1092 3165 2,
1109 3081 1163 3165 44,
1188 3081 1229 3144 de
1253 3103 1316 3166 quo
1345 3082 1529 3144 accuratius
1553 3102 1607 3142 ex-

206 3209 362 3274 ponamus
382 3208 516 3250 necesse
537 3195 594 3249 est.
634 3189 752 3250 etenim
776 3186 859 3250 duae
882 3184 1036 3250 hocloco
1060 3187 1282 3251 adnotationes
1304 3184 1463 3271 leguntur.
1503 3187 1609 3270 priore

206 3295 292 3357 enim
315 3291 356 3356 de
380 3293 502 3377 origine
524 3289 618 3355 verbi
640 3300 751 3376 portae
775 3290 824 3354 his
840 3289 949 3354 verbis
973 3293 1159 3375 exponitur:
1183 3284 1286 3379 ‘porta
1309 3300 1418 3355 autem
1440 3289 1483 3354 ab
1503 3299 1610 3354 aratro

207 3397 365 3484 portando
389 3396 476 3461 dicta
500 3385 558 3479 est,
586 3395 672 3481 quod
695 3398 727 3458 in
751 3419 788 3459 eo
811 3395 880 3458 loco
906 3395 1048 3459 coloniae
1076 3407 1187 3460 auctor
1210 3407 1242 3460 et
1265 3395 1410 3460 conditor
1433 3396 1609 3460 subiunctis

204 3527 308 3569 vacca
332 3513 363 3567 et
384 3512 476 3567 tauro
500 3509 652 3584 aratrum,
676 3523 739 3586 quo
760 3499 874 3564 urbem
898 3499 1056 3585 designat,
1081 3501 1247 3586 suspendit
1262 3524 1370 3583 manu,
1394 3523 1436 3565 ne
1459 3503 1610 3585 inprimat

206 3608 312 3673 sulcos
341 3607 398 3672 ubi
429 3607 565 3670 civitatis
596 3605 702 3669 aditus
733 3604 937 3691 relinquendi
968 3601 1062 3690 sunt,
1094 3606 1211 3692 quibus
1241 3606 1324 3669 haec
1355 3604 1608 3688 subiunguntur:

205 3705 413 3776 ‘credibiliter
429 3709 682 3774 addiditlacum.
721 3733 797 3774 nam
812 3710 918 3774 Varro
935 3709 1030 3774 docet
1052 3733 1180 3796 semper
1201 3710 1309 3774 lacum
1331 3712 1429 3795 portis
1452 3708 1609 3788 additum,

206 3815 328 3881 scilicet
355 3816 396 3879 ob
426 3837 520 3879 usum
550 3816 764 3879 iumentorum
796 3817 984 3879 exeuntium
1012 3824 1045 3878 et
1070 3817 1296 3879 introeuntium
1324 3824 1356 3878 et
1382 3822 1553 3900 praeterea
1575 3822 1610 3877 ut

206 3977 413 3986 ——---—-

311 4059 332 4125 ι)
351 4056 401 4109 ‘ad‘
420 4061 526 4126 scripsit
538 4060 669 4110 Wilmans
688 4058 729 4110 ‘de
749 4061 785 4110 M.
798 4061 919 4110 Terentii
931 4059 1058 4111 Varronis
1076 4060 1153 4109 libris
1171 4056 1360 4125 grammaticis'
1379 4076 1404 4125 p.
1418 4061 1477 4108 207.

310 4145 332 4212 ²)
351 4147 385 4198 cf.
397 4147 428 4197 R.
442 4147 545 4197 Merkel
564 4149 592 4197 in
611 4147 701 4197 Ovidii
720 4148 859 4198 Fastorum
879 4147 996 4199 editione
1015 4165 1040 4214 p.
1054 4148 1153 4198 CXVII
1166 4164 1213 4211 sq„
1232 4148 1279 4211 qui
1296 4153 1387 4197 tamen
1405 4147 1505 4196 Donati
1523 4147 1610 4197 locum

207 4235 333 4302 neglexit.

309 4320 332 4387 ⁸)
350 4322 422 4372 hunc
445 4322 542 4372 librum
566 4322 637 4372 enirn
661 4337 694 4371 ex
711 4321 836 4371 Varronis
860 4321 893 4370 de
916 4321 1010 4388 lingua
1029 4323 1127 4372 Latina
1150 4337 1229 4388 opere
1252 4322 1360 4372 fluxisse
1383 4327 1454 4371 recte
1476 4321 1611 4372 intellexit

205 4410 236 4458 A.
250 4409 382 4459 Wilmans
400 4427 425 4476 p.
442 4411 499 4472 144,
516 4412 554 4459 16.

310 4494 331 4563 ⁴)
351 4497 444 4547 eodem
463 4497 539 4547 modo
558 4496 592 4546 ad
610 4496 727 4547 Probum
747 4512 904 4547 revocamur
921 4497 1014 4547 Hec.I
1032 4496 1128 4561 prol.2
1152 4492 1299 4546 ‘calamitas
1321 4499 1395 4564 παρὰ
1414 4498 1464 4561 τὴν
1482 4494 1610 4564 καλάμην

206 4583 312 4644 dicitur,
334 4584 431 4646 clades,
455 4586 518 4648 quia
541 4583 678 4644 clamatur,
702 4588 731 4633 ut
753 4584 826 4634 aliud
850 4585 884 4633 sit
906 4584 1044 4650 grandinis
1066 4583 1183 4634 culmum
1206 4583 1361 4650 frangentis,
1383 4584 1458 4634 aliud
1481 4583 1546 4635 furti
1563 4590 1611 4634 aut

205 4671 261 4724 doli
280 4671 352 4724 mali.
388 4672 426 4721 sic
444 4666 565 4721 Probus'.
