3542 5059
172 383 251 450 locis
274 382 371 450 Ther.
391 383 453 449 112
475 381 530 450 καὶ
553 383 599 465 εἰς
621 382 776 473 dotati
778 382 817 451 rui
840 392 948 452 κοῖτον
967 385 1012 473 lii
1035 385 1167 454 ὅταν..
1185 384 1331 473 „laiso
1354 385 1505 475 tides..
1522 388 1575 476 ,ἢ

173 491 237 573 ὅτε,
258 489 317 554 139
336 490 356 576 λ)
375 489 475 555 ὁπότε
496 488 726 576 (praecedente
747 486 821 577 μήὸ
842 490 919 574 ὅτε),
940 490 1003 553 388
1022 490 1057 557 ελ
1058 496 1223 575 uades
1242 494 1301 579 ,ἠὲ
1320 490 1375 557 καὶ
1394 486 1503 575 ἔντερα
1518 500 1573 581 γῆς

174 596 228 660 οἱα
250 592 360 680 τρέφει
383 588 597 681 ὅμβριμος
563 619 629 674 αια,
653 594 705 659 Al
722 594 783 657 217
808 596 828 683 ἢ
850 596 963 660 diua..
981 597 1191 683 .ἐπεμβοάᾳ,
1214 595 1276 659 501
1301 597 1322 683 ἢ
1342 590 1410 662 da.

404 822 452 887 D.
481 821 542 887 De
571 819 784 889 adverbiis
811 816 942 897 ἄλλοτε,
964 818 1139 899 πολλάκις,
1161 819 1230 899 ὁτὲ,
1253 826 1341 886 τοτέ.

278 1003 351 1067 Ηοο
375 1006 480 1088 capite
505 1003 819 1089 comprehendentur
845 1005 980 1069 voculae
1012 1005 1181 1091 quaedam,
1213 1005 1328 1090 quibus
1357 1007 1406 1070 vis
1437 1004 1574 1070 disiunc-

175 1109 240 1173 tiva
260 1106 313 1171 vel
337 1106 519 1192 copulativa
542 1111 634 1191 inest,
660 1108 731 1172 dico
747 1108 905 1173 adverbia
924 1110 1050 1189 άλλοτε,
1075 1109 1239 1190 πολλάκις,
1263 1108 1326 1190 ὁτέ,
1354 1109 1438 1176 τοτὲ.
1466 1112 1499 1175 in
1514 1113 1574 1174 sin-

176 1212 257 1297 gulis
277 1221 384 1275 autern
405 1212 581 1276 tractandis
601 1213 687 1277 locos
706 1216 750 1277 ita
767 1213 922 1297 digeram,
946 1225 982 1278 ut
1000 1216 1138 1299 primum
1158 1236 1212 1278 eos
1237 1237 1434 1297 enumerem,
1458 1215 1574 1300 quibus

176 1318 252 1381 bina
275 1319 360 1381 inter
376 1340 409 1381 se
425 1317 573 1382 membra
593 1317 828 1404 respondent,1)
859 1318 977 1382 deinde
999 1341 1062 1401 eos,
1091 1319 1206 1403 quibus
1226 1319 1298 1404 plus
1326 1319 1402 1383 bina
1431 1320 1576 1384 membra

175 1421 358 1486 huiusmodi
381 1421 545 1487 adverbiis
569 1423 767 1508 copulantur,
795 1432 862 1486 tum
887 1446 951 1506 cos,
980 1423 1095 1509 quibus
1119 1424 1254 1508 simplici
1275 1424 1431 1489 adverbio
1454 1424 1576 1510 aliquid

175 1528 251 1590 novi
271 1527 466 1612 adiungitur,
491 1527 628 1614 denique
650 1550 713 1611 eos,
739 1527 855 1613 quibus
875 1528 1019 1592 membro
1043 1528 1172 1592 cuidam
1192 1529 1368 1613 compluria
1383 1529 1445 1593 alia
1460 1529 1576 1593 talibus

175 1631 339 1696 adverbiis
373 1632 565 1696 adiciuntur.
611 1634 735 1696 initium
765 1634 861 1716 igitur
891 1636 1055 1719 capiamus
1086 1633 1127 1697 ab
1160 1632 1316 1697 adverbio
1345 1634 1468 1698 ἄλλοτε.
1514 1655 1576 1718 quo

175 1746 231 1801 aut
254 1739 367 1801 iterato
391 1746 447 1801 aut
470 1760 544 1801 cum
567 1737 666 1801 altero
690 1737 798 1800 similis
814 1740 951 1801 notionis
967 1738 1122 1803 adverbio
1144 1741 1324 1803 consociato
1341 1740 1578 1823 coniunguntur

176 1841 230 1905 vel
261 1844 364 1927 potius
397 1842 623 1926 disiunguntur
652 1840 697 1927 A)
729 1841 805 1905 bina
835 1842 955 1907 verba:
990 1843 1102 1908 ἄλλοτε
1123 1825 1190 1927 ’μὲν
1306 1841 1360 1908 ὁτέ
1390 1841 1488 1906 Ther.
1513 1841 1577 1905 210

177 1944 283 2032 (adi),
313 1946 374 2011 261
409 1946 571 2033 (numen),
602 1947 716 2012 άλλοτε
747 1949 803 2029 μὲν
913 1946 967 2012 ὁτὲ
991 1942 1056 2033 15³²)
1087 1943 1227 2033 ἔμπαλιν
1257 1948 1354 2011 Ther.
1379 1945 1442 2009 288
1474 1944 1576 2033 (adi),

177 2051 291 2115 άλλοτε
316 2103 322 2115 .
342 2104 347 2115 .
366 2103 372 2115 .
397 2052 512 2117 ditare
528 2050 598 2137 da'3)
623 2050 720 2115 Ther.
739 2051 802 2114 744
814 2073 860 2136 sq.
879 2050 1019 2137 (subet),
1042 2051 1157 2117 άλλοτε
1182 2104 1214 2117 ,.
1233 2054 1329 2117 ,τοτὲ
1349 2051 1385 2117 de'
1400 2051 1496 2115 Ther.
1514 2050 1577 2115 623

178 2154 320 2241 (subet),
355 2156 468 2221 ditiore
494 2207 553 2221 ...
576 2156 691 2222 ἄλλοτε
715 2156 812 2220 Ther.
835 2156 898 2220 223
919 2179 966 2241 sq.
989 2154 1092 2243 (adi),
1127 2158 1240 2222 άλλοτε
1265 2208 1322 2221 ...
1345 2154 1420 2221 τοτέ
1441 2155 1493 2219 ΑΙ.
1514 2154 1578 2218 480

177 2258 254 2346 (adi.
273 2269 305 2323 et
319 2259 427 2346 part),
450 2261 564 2326 άλλοτε
582 2312 587 2325 .
606 2312 613 2325 .
632 2312 638 2325 .
656 2260 795 2325 πολλάκι
810 2260 861 2325 ΑΙ.
879 2260 944 2324 582
960 2283 1006 2346 sq.
1024 2260 1163 2348 (subet),
1179 2300 1222 2307 -
1242 2259 1285 2347 Β)
1308 2260 1384 2324 bina
1400 2262 1577 2324 enuntiata:

176 2365 291 2431 άλλοτε
307 2368 365 2449 μὲν
382 2418 387 2429 .
407 2418 414 2431 .
432 2418 439 2431 .
455 2366 594 2431 πολλάκι
611 2364 646 2431 δέ
661 2366 758 2430 Ther.
776 2365 839 2430 250
855 2388 913 2451 sq,
937 2366 1052 2432 άλλοτε
1067 2368 1128 2452 μὲν
1150 2418 1156 2431 .
1176 2418 1182 2430 .
1200 2418 1207 2430 .
1231 2366 1370 2430 πολλάκι
1385 2364 1437 2429 ΑΙ.
1451 2365 1514 2429 295
1530 2387 1577 2451 sq.

150 2494 152 2499 ’
175 2470 296 2535 addam
311 2470 407 2555 iocos,
432 2471 548 2556 quibus
572 2473 670 2535 oratio
693 2494 713 2534 a
735 2473 904 2557 participio
927 2473 1083 2556 incipiens
1106 2470 1251 2535 absolute
1267 2468 1423 2557 pergit⁴):
1446 2469 1498 2533 Al.
1514 2469 1577 2533 507

176 2683 363 2733 coniunctivus
389 2680 516 2749 βράκωσι,
544 2682 590 2746 qui
617 2681 689 2731 unde
715 2681 831 2747 pendeat
853 2697 961 2746 prorsus
984 2682 1125 2731 obscurum
1148 2686 1195 2731 est.
1229 2696 1308 2746 quam
1328 2680 1513 2732 difficultatem
1540 2682 1579 2731 ita

175 2769 271 2820 toliere
289 2768 392 2818 studuit
409 2769 429 2818 I.
444 2771 474 2821 G.
489 2769 644 2831 Schneider,
662 2774 692 2819 ut
710 2775 773 2819 ante
792 2786 816 2819 v.
836 2771 886 2818 420
905 2785 989 2818 unum
1008 2784 1112 2819 versum
1131 2768 1260 2818 excidisse
1278 2773 1408 2819 statueret
1425 2770 1466 2819 his
1485 2786 1510 2833 p.
1528 2770 1579 2818 213

176 2856 323 2906 adnotatis:
349 2852 475 2907 ‘ceterum
493 2856 633 2922 vulgatum
651 2855 770 2923 βράκωσι
788 2856 863 2905 nuiio
882 2856 959 2923 modo
982 2856 1045 2905 ferri
1062 2862 1157 2921 potest,
1176 2857 1228 2905 nisi
1245 2871 1339 2906 versus
1356 2856 1455 2920 aliquis
1473 2856 1579 2915 excidit,

175 2944 248 2993 unde
265 2944 310 2992 hic
329 2944 504 3009 dependebat.
540 2946 623 3010 possis
651 2944 794 2994 emendare
815 2943 969 3011 βράκοντες,
997 2944 1044 2993 sed
1071 2946 1110 2993 ita
1132 2944 1274 3008 participia
1296 2944 1376 2993 nimis
1399 2942 1581 3007 frequentabit

175 3035 263 3096 poeta.
300 3030 392 3081 malim
419 3032 501 3097 igitur
526 3033 555 3080 in
578 3046 657 3081 vorsu
683 3032 774 3096 aiiquo
800 3032 976 3081 antecedente
998 3031 1080 3081 fuisse
1103 3031 1177 3090 ὅταν,
1201 3030 1272 3079 undo
1290 3030 1425 3095 pendebat
1444 3026 1579 3098 βράκωσι.’

176 3134 291 3183 quocum
310 3118 398 3168 iacere
416 3135 470 3168 non
488 3118 596 3169 dubito..
625 3119 671 3169 sed
689 3124 772 3169 restat
789 3119 958 3183 aliquantum
977 3117 1142 3167 difficultatis
1166 3120 1311 3183 reputanti,
1333 3118 1397 3182 quid
1420 3119 1472 3167 sibi
1495 3118 1581 3169 velint

175 3221 268 3256 versus
286 3207 336 3254 421
356 3221 404 3269 sq,
423 3222 474 3270 quo
493 3208 656 3271 pertineant3
682 3222 743 3256 nam
762 3221 807 3256 eos
826 3223 885 3255 curn
905 3208 945 3268 iis,
969 3221 1038 3270 quae
1062 3206 1139 3255 modo
1162 3205 1195 3255 de
1219 3205 1366 3255 infantibus
1390 3204 1580 3270 hyoscyamum

176 3293 381 3358 decerpentibus
394 3293 465 3343 dicta
478 3299 547 3354 sunt,
560 3294 635 3343 nullo
647 3299 725 3359 pacto
739 3295 865 3359 coniungi
878 3308 962 3358 posse,
975 3293 1002 3341 id
1015 3293 1084 3358 quod
1097 3292 1128 3342 0,
1142 3292 1286 3342 Schneider
1299 3293 1332 3356 ἠέ
1342 3308 1389 3357 pro
1402 3285 1447 3342 οἷα
1460 3294 1580 3343 coniecto

176 3380 241 3431 fecit
259 3380 305 3446 (cf.
325 3382 382 3430 eius
400 3381 460 3431 adn.
480 3381 514 3429 ad
532 3398 556 3430 v.
570 3382 642 3447 420),
661 3383 720 3446 quis
739 3387 778 3431 est
796 3382 862 3445 quin
881 3380 1040 3445 intellegat?
1076 3386 1156 3444 atque
1180 3381 1295 3429 maxime
1318 3384 1410 3429 contra
1431 3379 1501 3429 banc
1519 3396 1579 3430 con·

176 3470 306 3518 iacturam
326 3467 399 3528 facit,
418 3469 496 3532 quod,
520 3470 543 3518 si
561 3484 619 3518 earn
642 3470 801 3534 accepimus,
825 3468 992 3518 desideratur
1013 3472 1219 3532 symptomatum
1242 3467 1416 3529 enumeratio,
1439 3482 1508 3531 quae
1530 3468 1581 3516 etsi

177 3556 270 3620 paucis
289 3554 409 3605 versibus
432 3557 583 3606 continetur
602 3555 646 3622 (cf.
664 3556 705 3607 Al.
723 3559 773 3606 400
791 3555 850 3621 sq.),
873 3561 963 3605 tamen
987 3570 1117 3619 nusquam
1140 3555 1221 3615 deest,
1243 3554 1271 3603 id
1295 3554 1366 3618 quod
1388 3554 1418 3604 Ο.
1436 3553 1582 3605 Schneider

177 3644 233 3707 ipse
252 3642 314 3692 aliis
334 3641 398 3692 locis
417 3644 528 3704 monuit,
546 3644 632 3693 veluti
650 3644 767 3709 prolegg.
786 3660 812 3708 p.
834 3644 891 3692 158.
919 3644 1023 3692 accedit
1040 3643 1110 3707 quod
1128 3659 1189 3692 cum
1206 3641 1308 3692 scholia
1325 3646 1406 3706 atque
1424 3642 1581 3702 Eutecnius,

177 3734 233 3779 tum
252 3730 324 3779 Aetii
342 3729 426 3780 codex
445 3731 564 3781 Graecus
585 3731 643 3794 (καὶ
664 3730 739 3795 δῆξις
757 3728 857 3793 οὔλων)
881 3730 1001 3780 dentium
1025 3731 1247 3795 gingivarumque
1270 3729 1389 3779 dolorem
1411 3730 1481 3779 inter
1503 3730 1581 3795 signa

176 3817 335 3881 hyoscyami
354 3820 452 3882 sumpti
470 3818 595 3868 referunt.
633 3834 780 3883 quaecum
804 3820 843 3868 ita
861 3820 922 3878 sint,
941 3819 962 3868 Ι.
977 3820 1007 3870 G.
1022 3818 1176 3867 Schneideri
1195 3818 1383 3878 coniecturam,
1402 3832 1481 3882 quam
1497 3816 1582 3866 Lehrs

177 3920 284 3969 quoque
312 3905 442 3969 probavit,
470 3906 580 3956 laudare
608 3922 661 3955 non
689 3906 781 3956 dubito
808 3906 841 3956 de
869 3905 918 3955 hoc
945 3906 1004 3955 ioco
1026 3923 1051 3971 p.
1069 3907 1121 3954 214
1147 3905 1221 3955 hisce
1243 3906 1332 3955 verbis
1355 3905 1510 3955 iudicantis:
1534 3900 1583 3954 ‘est

177 3992 350 4042 manifestum
377 3992 455 4057 signa
480 3995 580 4045 veneni
606 3994 722 4059 plurima
748 3996 777 4043 in
799 3993 934 4043 Nicandro
957 3994 1047 4044 nescio
1070 4009 1122 4056 quo
1145 4009 1209 4043 casu
1231 3993 1368 4043 excidisse.
1405 4007 1438 4042 ex
1462 3993 1582 4042 versibus

176 4085 267 4129 autem
295 4080 397 4130 omissis
421 4085 448 4130 et
474 4081 585 4145 perditis
607 4082 724 4146 pendere
747 4082 884 4131 debebant
906 4083 989 4131 verba
1011 4080 1115 4144 reliqua
1139 4074 1184 4129 οἷα
1206 4082 1271 4131 νέον
1289 4086 1348 4142 etc,
1366 4095 1436 4144 quae
1454 4095 1504 4130 nec
1521 4096 1582 4130 cum

177 4166 400 4217 antecedentibus
418 4182 467 4217 nec
485 4184 546 4217 cum
564 4170 736 4233 sequentibus
755 4170 832 4235 iungi
850 4169 906 4218 ullo
925 4168 1002 4217 modo
1021 4164 1148 4233 possunt'

284 4251 305 4318 ¹)
325 4253 366 4302 his
385 4254 450 4304 locis
469 4256 624 4305 adverbium
642 4261 691 4305 aut
708 4258 820 4307 iteratur
838 4260 886 4305 aut
904 4272 964 4305 cum
982 4255 1067 4304 altero
1091 4253 1209 4304 eiusdem
1231 4256 1347 4304 notionis
1370 4255 1498 4305 adverbio
1521 4271 1582 4305 con-

178 4341 311 4406 iungitur5
339 4342 477 4391 nonnuliis
504 4348 593 4393 autem
614 4344 642 4392 id
663 4359 747 4409 genus
774 4343 840 4393 locis
867 4343 946 4393 alteri
974 4342 1101 4393 adverbio
1127 4341 1250 4392 voculam
1273 4342 1408 4406 quandam
1430 4332 1486 4409 (ad,
1509 4332 1583 4406 αὖτε,

178 4425 312 4495 ἔμπαλιν)
332 4428 449 4478 additam
468 4430 597 4481 videmus.

283 4513 306 4582 ¹)
325 4516 358 4565 cf.
371 4520 403 4567 A
415 4518 466 4567 566
478 4533 534 4582 sqq.

283 4601 306 4668 ³)
325 4604 359 4654 cf.
373 4604 492 4670 Theogn.
506 4607 566 4666 991,
585 4605 656 4655 Arat.
672 4608 721 4655 779
734 4622 772 4670 sq.

286 4688 309 4756 ⁴)
329 4690 362 4740 ci.
375 4708 401 4757 p.
418 4693 451 4741 30
469 4692 529 4741 adn.
546 4692 590 4757 153
608 4692 670 4742 vide
688 4698 827 4759 praeterea
844 4691 934 4742 locum
952 4692 1125 4742 Homericum
1147 4692 1213 4742 Υ49
1225 4708 1264 4756 sq.

233 4782 402 4826 Dissertationes
415 4784 492 4837 philol.
502 4784 591 4827 vindob.
601 4784 637 4827 VI.
1428 4779 1444 4826 3
