3542 5059
1502 160 1564 230 163

162 363 249 420 10010
272 355 429 420 abiecisse
453 353 622 441 Meyerum
647 355 869 441 existimavi.¹)
915 379 990 420 nam
1012 358 1033 419 ii
1057 357 1111 441 qui
1135 378 1174 420 ea
1196 378 1279 441 quae
1301 355 1447 421 rhetores
1470 357 1565 422 docu-

163 469 255 525 erunt
277 461 446 524 retinenda
469 460 739 546 observandaque
760 461 934 545 duxerunt,
957 461 1142 525 Wuestium
1164 470 1196 525 et
1211 461 1404 525 Muellerum
1426 461 1509 547 dico,
1532 465 1566 530 in

162 588 286 630 errores
308 565 397 630 haud
419 565 508 629 leves
530 565 752 652 incideruntfl)

267 669 373 749 Quam
402 669 442 734 ob
471 693 540 734 rem
567 679 602 735 ut
629 693 870 755 cognoscamus,
901 693 979 734 num
1006 692 1091 756 quae
1119 670 1238 735 fuerint
1268 679 1376 736 certae
1403 670 1566 736 scribendi

161 774 249 858 leges
278 774 452 860 qualesque
480 776 608 860 fuerint,
639 778 733 841 unice
761 797 837 839 usus
866 777 1058 861 scriptorum
1086 775 1301 839 consulendus
1329 798 1399 840 esse
1427 776 1566 860 videtur,

163 879 249 964 quod
265 878 305 944 G.
322 880 439 964 Meyer
460 880 545 944 fecit.
590 889 700 945 tamen
722 880 809 944 hunc
824 882 930 944 virum
954 883 1001 945 rei
1023 883 1176 944 metricae
1198 882 1426 967 peritissimum
1448 884 1482 946 in
1504 882 1566 946 hac

163 986 350 1069 quaestione
372 984 543 1049 tractanda
565 986 693 1049 licentia
716 984 858 1070 quadam
885 1007 979 1049 usum
1003 1007 1074 1049 0000
1096 994 1183 1070 puto.
1230 987 1340 1050 statuit
1361 987 1446 1050 enim
1460 977 1566 1073 'scrip-

161 1098 246 1152 tores
269 1089 401 1153 Latinos
425 1088 584 1154 clausulas
607 1092 701 1154 unico
724 1089 808 1176 pede
832 1092 951 1154 cretico
974 1099 1182 1175 temperasse,
1210 1090 1268 1154 sed
1291 1093 1446 1154 creticum
1468 1093 1566 1155 nomi-

161 1202 216 1256 nat
239 1193 357 1279 pedem
384 1194 569 1278 quemlibet,
598 1194 770 1259 dummodo
797 1194 918 1259 habeat
944 1195 1084 1258 mediam
1111 1194 1271 1281 syllabam
1293 1195 1437 1279 brevem,
1464 1198 1508 1260 ita
1530 1204 1566 1259 ut

113 1297 115 1302 ’
160 1298 266 1382 figura
285 1298 367 1362 illius
389 1301 499 1363 cretici
519 1301 559 1362 sit
578 1313 712 1368 chsse.
759 1299 816 1364 sed
837 1302 912 1384 quia
930 1300 994 1364 hac
1014 1302 1110 1365 etiam
1125 1302 1178 1364 via
1194 1301 1335 1364 omnium
1351 1298 1566 1363 clausularum

160 1405 299 1467 rationes
316 1403 479 1488 explicare
495 1406 615 1488 nequit,
637 1403 678 1467 de
694 1407 819 1468 creticis
835 1404 955 1486 liberis,
972 1426 1052 1489 quos
1068 1395 1157 1468 ‘freie
1173 1399 1350 1487 Kretiker',
1371 1413 1403 1468 ct
1419 1406 1565 1488 inversis,

162 1529 241 1592 quos
262 1500 495 1572 ‘verschobene
515 1507 682 1572 Kretiker'
702 1517 805 1591 vocat,
827 1517 896 1572 tum
916 1508 957 1572 de
978 1510 1104 1572 creticis
1125 1507 1298 1572 dimidiatis
1319 1500 1441 1594 (balbe
1461 1509 1565 1574 Kreti-

160 1608 232 1676 ker'
248 1635 303 1677 eos
326 1612 480 1699 appellat)
502 1613 605 1677 verba
628 1613 715 1677 facit.
753 1624 785 1678 at
809 1616 845 1696 si,
870 1613 957 1698 quod
972 1613 1089 1700 Meyer
1103 1612 1293 1699 adfirmat,³)
1317 1613 1417 1678 altero
1439 1635 1471 1700 p.
1488 1612 1564 1679 Chr.

161 1717 290 1781 saeculo
317 1720 444 1803 ignotus
472 1717 603 1804 quidam
631 1719 860 1803 praecepisset,
892 1727 927 1781 ut
956 1739 1067 1782 omnes
1095 1717 1258 1782 clausulae
1286 1720 1404 1783 0101100
1432 1717 1566 1783 adstrin-

161 1832 324 1908 gerentur,
348 1833 435 1888 certe
457 1825 629 1908 vestigium
652 1825 720 1886 eius
743 1824 910 1908 praecepti
933 1831 1060 1888 extaret
1080 1824 1114 1886 in
1137 1823 1302 1888 rhetorum
1324 1821 1485 1909 operibus
1526 1843 1566 1885 ac

160 1927 223 1992 tale
243 1927 364 2014 aliquid
380 1951 510 1993 revera
529 1951 563 1992 se
583 1929 745 1992 invenisse
766 1927 942 1991 arbitratus
959 1937 1018 1992 est.
1056 1927 1180 2015 relegat
1203 1929 1289 1991 enim
1311 1949 1369 1992 nos
1389 1926 1565 1991 01110101-

160 2035 239 2098 tiani
261 2034 368 2098 Mauri
391 2056 505 2100 101010
531 2033 615 2097 1439
631 2055 694 2118 sq.:

317 2218 470 2311 ‘optimus
490 2247 549 2311 pes
572 2224 631 2312 (sc.
649 2224 801 2312 creticus)
826 2235 854 2289 et
876 2223 1010 2288 melodis
1033 2234 1063 2288 et
1081 2224 1230 2311 pedestri
1251 2223 1377 2311 plariae

315 2331 501 2416 plurimum
524 2340 652 2393 orautes
676 2329 807 2407 decebit,
831 2328 962 2414 quaudo
984 2352 1087 2414 paene
1109 2330 1146 2392 iu
1168 2329 1286 2393 ultimo

320 2433 440 2498 obtinet
462 2435 566 2498 sedem
591 2434 725 2512 beatam,
750 2434 899 2497 terminet
921 2434 952 2497 si
974 2434 1161 2498 clausulam

321 2538 481 2625 dactylus,
505 2539 667 2624 spondeus
690 2540 789 2602 imam
811 2561 867 2601 uec
891 2540 1078 2602 trochaeum
1101 2560 1219 2624 respuo

322 2643 502 2728 (haecbiaos
524 2654 677 2729 utrosque
693 2643 835 2730 fuqs'to),
858 2666 916 2707 uec
937 2644 1079 2730 repellas
1103 2643 1313 2730 tribrachyn:

315 2748 450 2834 plenius
475 2759 641 2812 tractatur
664 2747 754 2811 illud
776 2759 848 2812 arte
866 2771 972 2835 prosa
994 2742 1183 2812 rhetorum.>

268 2941 390 3006 Verum
418 2966 437 3006 0
464 2944 578 3006 0010110
606 2964 733 3027 quoque
759 2941 943 3006 rhetoribus
972 2939 1215 3005 commendatur
1241 2941 1390 3023 cretione,
1418 2938 1476 3003 sed
1503 2961 1567 3004 non

163 3047 276 3110 unicus
298 3046 448 3110 clausulis
468 3057 561 3132 aptus
582 3047 728 3112 habetur.
760 3070 837 3110 nam
857 3046 1017 3110 clausulas
1040 3068 1057 3110 0
1074 3048 1192 3109 cretico
1209 3054 1240 3109 01
1256 3044 1395 3130 dactylo,
1416 3046 1568 3108 ecretico

163 3161 195 3216 et
217 3151 370 3237 spondeo,
395 3174 474 3237 quas
498 3153 711 3216 Terentianus
737 3151 849 3216 laudat
871 3154 935 3215 iam
958 3174 978 3214 a
1002 3150 1198 3230 Quintiliano
1226 3147 1468 3213 commendatas
1496 3171 1567 3213 esse

267 3360 289 3428 ¹)
308 3362 403 3426 Neque
421 3363 511 3412 Havet
534 3361 669 3412 rhetorum
691 3361 798 3411 illorum
817 3362 948 3412 rationem
967 3360 1070 3421 habuit,
1093 3360 1139 3410 0011
1157 3360 1201 3410 hic
1219 3377 1273 3410 non
1292 3358 1385 3410 eodem
1402 3359 1469 3409 iure.
1505 3374 1568 3409 nam

163 3449 274 3500 eandem
293 3451 365 3501 viam
383 3451 517 3515 ingressus
535 3465 567 3500 ac
580 3450 728 3499 Martianus
741 3450 853 3515 Capella
870 3450 1011 3513 inquisivit
1028 3450 1152 3514 primum,
1171 3448 1262 3512 qualia
1279 3448 1362 3496 verba
1380 3462 1397 3496 a
1409 3446 1568 3511 Symmacho

161 3539 191 3587 in
214 3537 267 3587 fine
290 3538 405 3588 ambitus
428 3537 559 3587 collocata
581 3541 679 3596 000011,
706 3541 762 3586 tum
785 3537 876 3602 qualia
903 3537 1015 3602 singulis
1038 3535 1181 3587 verborum
1207 3536 1352 3599 generibus
1379 3534 1569 3584 antecederent

161 3624 280 3690 singulos
303 3625 383 3690 pedes
406 3624 520 3690 singulis
538 3625 626 3675 verbis
649 3623 766 3673 inclusos
790 3639 847 3674 esse
870 3628 999 3674 statuens.
1035 3627 1116 3686 atque
1139 3624 1178 3672 ita
1200 3621 1301 3671 factum
1320 3625 1368 3684 est,
1386 3625 1417 3670 ut
1433 3621 1568 3670 interdum

162 3727 195 3762 ea
212 3717 353 3778 repeteret,
373 3727 441 3778 quae
459 3713 513 3762 iam
531 3727 548 3762 a
566 3713 698 3762 Martiano
717 3712 829 3761 inventa
848 3716 932 3761 erant.
968 3710 1053 3760 veluti
1075 3709 1130 3775 pb
1149 3709 1216 3759 haec
1235 3709 1338 3758 docuit:
1366 3704 1412 3757 ‘un
1429 3712 1485 3758 mot
1502 3706 1568 3758 final

161 3815 264 3850 0011110
283 3799 384 3849 elatum
402 3815 462 3850 0010
479 3799 598 3864 toujours
617 3798 730 3865 precede
748 3798 812 3848 d'un
831 3796 938 3848 trachea
957 3814 991 3847 ou
1010 3801 1146 3848 rarement
1163 3793 1227 3847 d‘un
1245 3797 1391 3862 tribraque,
1411 3797 1457 3860 qui
1475 3810 1509 3845 en
1528 3801 1568 3844 est

161 3883 334 3952 equivalent'.
370 3887 417 3937 sed
439 3887 511 3937 idem
533 3888 587 3936 1011
610 3887 758 3936 Martianus
781 3892 962 3952 praeceperat,
986 3887 1084 3951 p.173‚
1100 3887 1140 3946 19,
1162 3901 1215 3948 quo
1239 3885 1298 3933 loco
1319 3884 1387 3934 haec
1410 3883 1486 3932 dicit:
1514 3880 1569 3932 ‘tri-

161 3974 272 4039 syllabis
294 3973 443 4024 clausulam
465 3974 672 4024 terminantibus
695 3973 739 4022 lex
762 3977 809 4035 est,
833 3975 855 4023 01
878 3974 955 4024 modo
978 3989 1038 4024 eam
1057 3971 1124 4022 velis
1143 3972 1259 4021 molliter
1277 3970 1368 4033 fluere,
1391 3975 1421 4019 ut
1443 3970 1568 4020 trochaeo

160 4061 337 4127 praecedente
365 4061 530 4126 paenultimo
553 4061 682 4112 molossus
708 4062 886 4124 subsequatur
912 4063 970 4110 0110
992 4060 1100 4126 longam
1122 4059 1222 4109 habeat
1244 4059 1414 4108 novissimam
1436 4057 1569 4122 syllabam

161 4150 218 4198 0110
242 4149 351 4199 brevem
374 4149 434 4198 iure
457 4145 575 4199 metrieo'
599 4148 644 4214 (01.
664 4148 707 4198 Gr.
722 4148 782 4197 Lat.
796 4147 833 4196 VI
852 4149 912 4206 308,
926 4146 978 4212 31).
1014 4148 1060 4198 sed
1088 4149 1170 4198 etism
1197 4145 1312 4196 aliorum
1335 4145 1470 4194 rhetorum
1493 4159 1569 4209 prae-

160 4243 239 4303 cepta
256 4237 347 4286 Havet
364 4237 486 4302 repetiit,
505 4250 567 4286 nam
585 4251 645 4285 cum
664 4235 731 4284 haec
749 4236 900 4299 praecepit:
921 4231 965 4284 ‘un
982 4238 1037 4284 mot
1050 4233 1114 4284 final
1133 4249 1236 4284 comme
1248 4239 1366 4282 amicum
1378 4232 1569 4296 seratoujours

160 4323 273 4392 precede
295 4326 359 4375 d'un
377 4319 512 4390 spondee',
535 4323 691 4372 Diomedem
710 4323 811 4371 invitus
833 4328 940 4372 secutus
958 4327 1006 4383 eat,
1029 4323 1075 4387 qui
1093 4321 1160 4371 haec
1178 4322 1256 4372 docet
1274 4320 1311 4386 (p.
1326 4319 1439 4385 410011
1459 4314 1569 4383 ‘amphi-

160 4414 274 4477 brachys
298 4427 404 4477 quoque
427 4416 500 4461 recte
523 4412 630 4476 ponitur
652 4411 681 4460 in
704 4409 826 4460 clausula
844 4409 962 4475 spondeo
980 4409 1036 4459 fere
1054 4408 1244 4460 antecedente:
1268 4404 1355 4458 ‘ludos
1372 4407 1479 4468 habete,
1496 4409 1569 4456 recte

160 4498 282 4552 locutus'.

265 4586 287 4653 ς)
307 4588 340 4637 cs.
360 4587 560 4636 adnotationem
579 4587 595 4634 2
613 4585 710 4650 11165.

265 4673 287 4741 1)
306 4691 331 4740 p.
346 4676 386 4723 13.
