3542 5059
1512 181 1575 245 165

173 376 206 437 in
233 374 359 458 scriptis
388 371 557 435 cuiuslibet
583 373 711 456 generis
740 380 952 456 sequerentur
978 371 1108 435 edoctos
1136 394 1216 436 esse.
1262 396 1338 436 nam
1361 376 1507 457 quamvis
1531 374 1575 438 di-

175 478 270 543 cendi
295 499 398 561 genus
425 480 460 540 in
482 475 599 561 Apulei
626 475 930 560 Metamorphoseon
957 475 1045 540 libris
1072 475 1252 541 adhibitum
1280 476 1441 562 discrepet
1467 477 1510 542 ab
1537 502 1575 543 66

173 582 261 669 quod
287 585 320 646 in
349 581 500 666 operibus
529 603 611 666 quae
640 581 683 645 ad
710 580 945 666 philosophiam
971 590 1119 667 spectant
1145 584 1307 646 invenitur
1334 593 1366 647 et
1392 582 1434 646 ab
1458 582 1507 646 his
1530 583 1575 648 di-

172 709 269 752 versa
292 689 332 751 sit
354 686 523 773 Apologia,
549 685 765 751 clausularum
789 689 868 750 ratio
892 686 1011 770 ubique
1035 686 1150 750 eadem
1172 687 1241 750 fere
1265 695 1321 751 est.
1368 709 1468 772 611616
1488 687 1575 773 Apu-

172 792 270 857 leium
291 790 573 856 exercitationibus
594 793 626 854 in
647 791 762 855 scholis
783 793 933 855 institutis
956 814 1026 854 eam
1048 791 1211 856 scribendi
1231 791 1496 857 consuetudinem
1515 793 1577 858 sibi

174 899 339 984 paravisse
362 906 448 982 puto,
473 918 570 982 quam
592 905 704 980 postea
724 898 757 959 in
778 897 927 961 omnibus
948 895 1098 982 operibus
1118 899 1266 982 quamvis
1287 920 1407 983 genere
1429 897 1576 962 diversis-

175 1005 261 1067 simis
284 1000 453 1087 retinuit.¹)

278 1124 344 1191 Sed
366 1127 431 1188 ium
454 1147 492 1188 ea
516 1146 599 1209 quae
623 1122 691 1187 dixi
714 1124 870 1208 exemplis
894 1123 1062 1208 probanda
1085 1134 1167 1188 sunt.
1211 1146 1250 1187 ac
1273 1147 1314 1187 ne
1337 1123 1576 1189 innumerabilis

172 1252 380 1294 numerorum
408 1231 506 1293 series
532 1228 687 1293 lectorem
712 1226 818 1292 taedio
846 1229 987 1312 adficiat,
1016 1251 1125 1293 omnes
1152 1229 1239 1293 locos
1262 1231 1419 1314 exscripsi
1440 1238 1576 1293 tantum·

172 1335 267 1399 modo
291 1357 308 1399 e
331 1333 636 1419 Metamorphoseon
662 1331 751 1396 libris
780 1333 881 1397 tribus
909 1333 1077 1418 prioribus
1105 1343 1173 1398 tum
1200 1357 1218 1397 e
1241 1333 1330 1398 libris
1357 1333 1493 1412 duobus,
1521 1337 1577 1418 qui

173 1439 214 1503 de
233 1440 368 1503 Platone
392 1448 423 1503 et
446 1440 515 1502 eius
538 1437 688 1522 dogmate
712 1438 941 1516 inscribuntur,
966 1438 1104 1524 denique
1128 1462 1145 1502 6
1170 1438 1296 1524 dialogo
1312 1439 1475 1502 Hermetis
1491 1439 1576 1502 Tris-

172 1546 308 1629 megisti,
333 1545 472 1608 rationes
495 1551 603 1606 autem
626 1545 659 1607 in
681 1542 771 1607 libris
793 1542 926 1628 reliquis
948 1542 1060 1607 tabula
1083 1543 1230 1607 confecta
1252 1543 1442 1627 significavi.

278 1665 361 1731 Oum
376 1675 483 1730 autem
500 1668 583 1730 inter
598 1665 743 1730 rhetores
760 1664 800 1729 de
816 1668 980 1751 positionis
995 1667 1037 1748 vi,
1055 1665 1096 1729 de
1111 1665 1210 1750 hiatu,
1228 1666 1269 1729 de
1285 1665 1403 1751 pedum
1420 1665 1574 1730 solutione

174 1794 237 1835 non
261 1773 442 1855 conveniat,
460 1770 617 1835 vnonnulla
641 1770 681 1834 de
705 1771 754 1835 1116
777 1771 875 1834 rebus
898 1771 1136 1856 praemittenda
1159 1781 1240 1835 sunt.
1287 1779 1383 1855 atque
1407 1770 1576 1834 exordium

172 1877 255 1940 facio
282 1876 324 1940 ab
354 1898 393 1940 ea
420 1877 616 1961 quaestione,
644 1884 679 1939 ut
707 1876 872 1960 explorem
900 1875 979 1960 quid
1007 1875 1047 1938 de
1075 1875 1212 1962 pedibus
1240 1878 1273 1938 in
1300 1874 1444 1938 clausula
1466 1873 1577 1938 solutis
1607 1879 1610 1882 ’

173 1980 379 2045 statuendum
403 1984 452 2045 sit.
491 1982 609 2044 etenim
634 1980 778 2065 plerique
797 1980 943 2045 rhetores
962 2002 1098 2065 paeona,
1121 1980 1320 2067 tribrachyn,
1344 1979 1575 2066 pyrrhichium,

173 2086 291 2150 similes
319 2086 420 2171 pedes
447 2085 646 2149 induxerunt
672 2085 771 2150 veluti
794 2085 971 2156 Diomedes
999 2108 1030 2171 p.
1047 2085 1122 2169 469,
1139 2085 1181 2149 34
1208 2085 1385 2150 clausulam
1412 2108 1430 2148 6
1458 2086 1576 2149 6161166

173 2201 205 2256 61
227 2191 391 2256 tribracho
415 2192 638 2276 compositam:
663 2190 703 2254 de
728 2202 843 2255 ceteris
866 2201 963 2276 agite,
993 2190 1209 2270 Quintilianus
1232 2192 1332 2256 VIIII
1354 2191 1385 2274 4,
1408 2189 1470 2255 104
1493 2189 1576 2254 clau-

173 2297 275 2361 sulam
299 2320 317 2360 6
339 2295 525 2383 pyrrhichio
549 2305 581 2360 et
602 2296 767 2360 trochaeo:
804 2295 959 2380 dignitate
982 2295 1166 2381 superabat.
1213 2295 1270 2360 sed
1293 2295 1325 2358 hi
1348 2317 1412 2359 non
1435 2293 1576 2358 animad-

172 2410 338 2466 verterunt
361 2424 415 2466 eos
439 2423 508 2465 6666
531 2400 631 2487 pedes
652 2400 816 2487 solut0s32)
840 2423 915 2465 nam
937 2393 991 2465 ‘de
1015 2403 1129 2466 ceteris
1152 2396 1248 2486 agite'
1272 2403 1408 2465 creticus
1432 2408 1480 2464 est
1503 2421 1576 2462 cum

694 2583 704 2621 1

705 2554 758 2642 te’,
793 2550 960 2643 ‘dignitate
991 2552 1177 2644 superabat'
1207 2567 1255 2622 est
1285 2557 1399 2622 eadem
1433 2555 1576 2620 clausula

172 2558 323 2624 trochaeo
354 2560 469 2623 soluto:
500 2535 693 2643 ‘ceterisdg

174 2719 283 2780 cretici
313 2719 376 2779 arsi
405 2718 580 2800 posteriore
612 2714 729 2778 soluta:
760 2694 928 2799 ‘dignitate
959 2695 1152 2799 superabat.
1198 2715 1412 2778 Terentianus
1442 2713 1575 2776 Maurus

172 2830 296 2885 tantum
320 2821 364 2906 (p.
382 2821 445 2885 369
468 2845 500 2884 v.
520 2820 603 2884 1445
619 2819 683 2905 sq.)
716 2829 747 2884 et
777 2821 956 2885 Martianus
986 2820 1119 2905 Capella
1149 2820 1195 2905 (p.
1215 2819 1286 2901 114,
1303 2818 1337 2893 4)
1368 2817 1409 2881 de
1439 2817 1576 2902 pedibus

173 2928 268 2990 etiam
298 2928 331 2989 in
362 2924 506 2989 clausula
536 2927 673 2989 oratoria
704 2925 814 2990 solutis
837 2925 1093 3010 disputaverunt,
1122 2924 1180 2987 sed
1203 2923 1359 3008 regulam,
1391 2944 1454 3006 qua
1477 2920 1576 3008 pedes

173 3030 318 3094 solvendi
342 3041 458 3114 essent,
483 3033 716 3094 constituerunt
739 3033 866 3094 omnino
890 3030 1019 3094 nullam.
1066 3029 1151 3093 adde
1179 3028 1266 3114 quod
1290 3031 1386 3091 etiam
1408 3029 1469 3090 viri
1492 3026 1576 3091 docti

173 3144 301 3198 nostrae
324 3137 448 3217 6616116,
472 3137 526 3219 qui
550 3133 590 3198 de
614 3137 754 3198 numeris
778 3137 928 3199 orationis
951 3134 1076 3198 solutae
1092 3135 1321 3216 disseruerunt,
1344 3132 1428 3197 hanc
1452 3141 1575 3217 partem

173 3238 388 3323 neglexerunt
414 3249 542 3324 praeter
565 3239 745 3326 Meyerum,
777 3242 831 3325 qui
858 3239 924 3325 p.7
957 3262 1028 3303 eam
1055 3239 1160 3324 legem
1190 3242 1309 3322 statuit,
1337 3247 1380 3318 ut,
1412 3240 1438 3301 si
1466 3238 1576 3300 cretici

173 3346 253 3408 61616
275 3347 362 3429 prior
385 3344 572 3428 solveretur,
601 3345 693 3408 binas
720 3344 837 3409 breves
865 3366 939 3408 eum
967 3348 1113 3429 sequenti
1140 3344 1267 3431 syllaba
1294 3344 1385 3408 brevi
1408 3341 1505 3428 (quae
1530 3352 1578 3406 est

173 3448 280 3513 media
296 3448 420 3535 cretici)
441 3460 496 3514 aut
515 3472 578 3513 uno
594 3448 695 3513 verbo
717 3449 948 3534 comprehendi
968 3459 1024 3513 aut
1039 3449 1175 3514 verbum
1196 3452 1242 3513 eis
1257 3450 1421 3513 terminari
1437 3447 1576 3530 iuberet,

173 3555 222 3617 sin
246 3555 326 3616 61616
348 3555 507 3638 posterior
529 3553 716 3638 solveretur,
740 3554 833 3618 binas
856 3555 975 3618 breves
1002 3556 1089 3618 initio
1111 3554 1204 3618 verbi
1230 3554 1380 3637 longioris
1409 3554 1576 3616 contineri.

172 3667 269 3743 atque
292 3657 375 3722 hane
400 3659 658 3724 observationem
683 3681 793 3722 voram
821 3682 891 3723 6666
915 3658 1068 3739 concedo,
1098 3659 1156 3723 sed
1181 3659 1297 3744 Meyer
1320 3680 1461 3740 causam,
1493 3678 1576 3743 quae

173 3763 248 3827 huie
268 3765 339 3828 usui
359 3763 516 3846 subesset,
536 3762 680 3827 indicare
702 3763 854 3848 neglexit.
902 3766 1020 3827 etenim
1043 3765 1070 3825 si
1089 3763 1332 3827 consideramus
1355 3771 1466 3847 poetas
1489 3784 1576 3826 scae-

278 4113 300 4178 ¹)
319 4112 352 4163 cf.
372 4128 441 4177 quae
460 4112 568 4163 Norden
586 4113 733 4178 disputavit
750 4112 776 4161 11
795 4114 853 4162 944.

277 4198 299 4266 ¹)
319 4201 412 4250 eadem
435 4203 539 4250 ratione
562 4205 740 4266 peccaverunt
763 4201 858 4250 Wuest
881 4206 908 4250 et
929 4200 962 4251 E.
980 4202 1103 4263 Mueller,
1126 4204 1153 4251 in
1172 4204 1248 4252 cuius
1267 4202 1451 4254 dissertatione
1474 4201 1510 4268 (p.
1524 4203 1578 4269 32),

174 4295 204 4338 ut
222 4288 345 4354 exemplo
368 4294 437 4349 utar,
460 4290 527 4339 haec
551 4289 689 4354 leguntur:
717 4285 841 4353 ‘denique
860 4290 914 4339 ium
933 4290 1071 4339 Wuestins
1089 4291 1241 4340 observavit
1258 4291 1393 4340 interdum
1415 4307 1432 4342 6
1450 4291 1578 4342 Cicerone

174 4377 297 4427 adhiberi
310 4391 425 4442 paeones
438 4392 453 4426 e
466 4379 586 4442 quinque
598 4378 737 4427 brevibus:
757 4391 827 4440 quae
846 4377 931 4427 forma
950 4379 999 4426 etsi
1017 4379 1081 4426 satis
1095 4379 1169 4440 mira,
1187 4383 1278 4427 tamen
1291 4384 1399 4443 propter
1411 4379 1577 4444 frequentem

174 4480 251 4514 usum
269 4465 439 4530 agnoscenda
456 4464 575 4527 videtum
593 4463 722 4514 habemus
740 4479 787 4529 pro
806 4465 869 4531 imp.
884 4465 931 4514 Cn.
943 4465 1034 4530 Pomp.
1049 4466 1082 4512 44
1102 4461 1216 4515 ‘efficere
1234 4463 1380 4530 potuisset’,
1398 4482 1445 4531 pro
1463 4466 1529 4518 Sull.
1543 4469 1577 4516 35

174 4550 296 4602 ‘delicere
314 4554 451 4617 patientur
470 4548 546 4602 ....'
564 4567 657 4602 verum
676 4553 743 4602 haec
762 4556 802 4602 est
819 4551 941 4603 clausula
959 4554 1059 4602 cretica
1076 4569 1135 4603 cum
1155 4553 1272 4618 spondeo
1294 4556 1441 4605 sescenties
1457 4554 1578 4606 adhibita

835 4619 883 4688 Δ.)
1007 4631 1049 4666 -1
1111 4619 1160 4688 -'-l

834 4669 937 4689 W-V
1169 4683 1190 4689 ..

174 4692 221 4743 sed
240 4693 332 4743 cretici
350 4697 464 4757 utraque
483 4693 536 4742 arsi
554 4690 654 4742 soluta:
691 4669 797 4742 eslideld
816 4694 954 4759 potuisset,
972 4669 1085 4744 1161116141
1103 4670 1246 4762 1161166111.
