3542 5059
265 241 308 305 22

263 435 312 507 Vl
326 434 416 498 locis:
440 432 543 517 301,¹)
566 430 639 515 491,
655 430 730 514 561,
746 429 810 495 615
826 428 896 517 (ἠδὲ
911 427 989 516 καί),
1011 428 1084 512 811,
1101 427 1203 514 878,’)
1226 428 1388 493 adiectiva
1410 428 1577 493 adiectivis
1597 450 1661 492 non

263 539 334 624 plus
356 560 419 602 uno
449 538 518 602 1000
541 535 604 600 6116
631 537 700 624 (ἠδὲ
726 532 804 620 καί),
831 534 933 599 verba
956 534 1064 598 verbis
1091 533 1154 596 219
1178 543 1210 597 et
1233 534 1306 598 659.
1338 534 1546 598 substantivis
1563 555 1660 597 enun-

263 646 340 707 tiata
362 642 497 706 relativa
519 639 649 705 adnexa
672 648 760 704 sunt:
784 639 835 723 29,
853 639 927 721 669,
944 639 1017 723 883,
1034 636 1115 721 897,
1140 637 1203 703 883
1220 648 1252 703 et
1268 638 1329 701 897
1340 638 1366 723 ³)
1389 638 1461 721 ὅσα,
1485 637 1525 701 29
1546 638 1661 702 01669

262 748 315 813 ἵνα
337 748 462 832 legitur.
486 754 608 810 restant
629 746 700 827 loci,
729 743 845 829 quihus
868 744 945 808 hina
968 745 1132 807 enuntiata
1150 743 1344 808 secundaria
1367 742 1511 807 eiusdem
1533 744 1661 829 generis

264 852 346 939 (sive
379 850 562 937 temporalis
593 852 663 914 sive
693 848 831 935 relativi)
863 852 946 913 inter
975 871 1010 912 se
1042 850 1213 912 coniuncta
1244 858 1330 913 sunt:
1366 848 1467 933 191,⁴)
1490 846 1563 932 383,
1587 847 1659 911 900.

264 955 314 1023 ἰδέ
332 956 496 1021 Nicander
519 956 718 1040 paucissimis
743 952 801 1039 (V)
824 953 972 1017 adhibuit
993 952 1071 1017 locis
1094 955 1147 1035 ita,
1170 964 1206 1017 ut
1221 953 1318 1017 Ther.
1335 952 1410 1036 616,
1427 951 1499 1037 8116,
1519 952 1570 1017 Al.
1587 952 1661 1035 395,

263 1062 325 1127 467
350 1062 561 1143 substantiva,
585 1059 636 1124 Al.
656 1058 696 1121 12
718 1058 879 1123 adiectiva
902 1061 970 1121 eius
994 1081 1055 1143 ope
1078 1060 1297 1142 coniungeret.

368 1167 437 1230 Iam
453 1168 479 1229 si
494 1165 586 1229 brevi
601 1166 634 1228 in
650 1172 826 1248 conspeetu
841 1184 936 1226 usum
952 1163 1183 1249 particularum
1199 1162 1488 1249 copulativarum⁵)
1504 1164 1661 1247 ponimus,

264 1282 337 1336 ante
354 1272 459 1335 omnia
474 1278 603 1355 poetam
621 1271 653 1332 in
669 1267 951 1352 Alexipharmacis
966 1290 1030 1331 non
1047 1268 1148 1331 solum
1163 1268 1376 1353 frequentiam
1393 1290 1505 1332 earum
1520 1289 1577 1352 pro
1593 1276 1663 1330 rata

264 1385 353 1461 parte
381 1374 479 1439 multo
508 1376 704 1438 imminuisse
731 1372 878 1437 videmus
905 1410 948 1419 —
971 1374 1003 1436 in
1023 1372 1120 1437 Ther.
1142 1372 1446 1450 Onxxxxvssia,
1468 1375 1501 1437 in
1523 1371 1575 1436 Al.
1599 1393 1662 1435 non

264 1480 335 1566 plus
351 1478 515 1543 LXXHa
530 1479 685 1542 eiusmodi
702 1477 878 1564 particulae
895 1479 1102 1541 inveniuntur
1113 1516 1165 1562 —,
1182 1477 1240 1541 sed
1256 1480 1352 1542 etiam
1368 1478 1561 1563 quibusdam
1576 1480 1662 1540 iunc-

264 1588 342 1649 turis
361 1607 491 1671 prorsus
511 1584 713 1648 abstinuisse.
741 1585 787 1647 sic
802 1581 869 1671 ἠδέ,
894 1582 980 1667 quod
1003 1585 1034 1646 in
1051 1582 1148 1648 Ther.
1165 1582 1280 1647 XVIies
1295 1582 1420 1668 legitur,
1441 1582 1482 1647 ab
1499 1581 1551 1646 Al.
1568 1581 1663 1667 plane

264 1689 364 1774 abest,
387 1692 423 1754 τὲ
529 1687 573 1772 τέ,
598 1688 684 1773 quod
706 1687 873 1753 XVIIIIies
895 1690 928 1751 in
947 1688 1045 1752 Ther.
1071 1697 1169 1769 extat,
1198 1690 1230 1752 in
1253 1687 1305 1752 Al.
1321 1687 1372 1751 bis
1394 1697 1516 1752 tantum
1540 1688 1663 1750 inveni-

265 1806 326 1859 tur.
347 1804 515 1879 praeterea
535 1794 709 1858 observare
726 1793 802 1857 licet
816 1792 911 1877 longe
928 1791 1072 1878 plurimis
1090 1791 1250 1878 (CXXXI
1265 1792 1375 1877 Ther,
1386 1791 1587 1856 XXXVIIII
1596 1789 1662 1875 Al.)

369 2012 390 2078 1)
408 2013 458 2063 hoc
477 2012 535 2063 1000
557 2015 719 2078 praepositio
741 2014 866 2076 iteratum
884 2012 918 2062 cf.
931 2012 1010 2062 Ther.
1024 2014 1075 2061 669
1094 2011 1228 2079 Κρύμνης
1248 2010 1390 2079 spuentes
1412 2012 1458 2062 καὶ
1476 2011 1529 2061 01νὰ
1549 2008 1663 2077 Γράσον.

368 2097 905 2168 1)1ε10000(τρύχνονθ0103010001)
928 2105 1071 2165 propterea
1093 2099 1225 2149 notandus
1246 2100 1361 2160 videtur,
1386 2099 1455 2164 qnod
1477 2099 1509 2149 τέ
1529 2097 1665 2163 praecedit

265 2190 310 2249 ita,
329 2195 360 2238 ut
377 2186 404 2238 τὲ
416 2185 467 2253 ἠδέ
484 2188 576 2238 eodem
594 2204 646 2252 quo
664 2186 691 2238 τὲ
705 2192 753 2237 καί
769 2188 845 2238 modo
864 2188 1056 2252 adhibeantur;
1075 2187 1108 2237 cf.
1120 2187 1192 2236 locos
1204 2188 1360 2237 Homericos
1374 2191 1400 2237 B
1412 2190 1470 2252 206,
1483 2191 1508 2237 Ζ
1519 2187 1578 2248 446,
1591 2202 1608 2233 α
1625 2187 1663 2234 12).

369 2272 536 2339 1)11001000
557 2275 753 2325 substantivum
776 2277 804 2324 111
827 2276 966 2325 enuntiato
989 2274 1103 2325 relativo
1126 2276 1241 2340 positum
1264 2275 1385 2324 videmus
1407 2276 1454 2337 ita,
1476 2279 1506 2323 ut
1528 2274 1562 2323 ab
1584 2272 1665 2321 huius

265 2364 347 2412 verbo
366 2362 528 2427 dependeat,
547 2362 580 2412 cf.
593 2367 610 2412 Ι
623 2365 670 2412 131
690 2363 761 2431 μετὰ
780 2359 806 2411 d'
824 2359 940 2425 ἔσσεται,
962 2362 996 2426 ἢν
1015 2359 1070 2412 τότ’
1089 2361 1219 2427 ἀπηύρων
1235 2362 1239 2425 Ι
1255 2361 1357 2429 κούρην
1375 2366 1501 2429 Βρισῆος.
1538 2361 1588 2410 hoc
1607 2359 1665 2409 1000

265 2450 298 2499 de
316 2449 480 2499 adtractione
498 2452 556 2500 sive
574 2449 770 2500 adsimilatione
788 2452 816 2498 10
835 2451 982 2499 enuntiatis
1000 2449 1120 2499 relativis
1143 2449 1214 2514 apud
1232 2449 1396 2499 Nicandrum
1417 2449 1561 2513 conspicua
1579 2462 1665 2512 pauca

266 2538 405 2587 adnotabo.
428 2552 459 2586 ac
471 2538 666 2587 substantivum
679 2539 708 2587 10
720 2539 858 2587 enuntiato
871 2538 984 2588 relativo
997 2539 1054 2602 ipso
1067 2540 1182 2602 positum
1194 2539 1241 2598 ita,
1254 2542 1284 2587 ut
1296 2537 1330 2586 ab
1343 2538 1400 2586 eins
1412 2535 1494 2585 verbo
1507 2535 1664 2599 dependeat,

267 2625 387 2674 videmus
408 2624 473 2674 locis
491 2625 570 2674 Ther.
585 2627 643 2685 390,
657 2627 715 2685 897,
729 2627 787 2675 900.
806 2627 1002 2675 substantivum
1019 2626 1048 2674 in
1064 2626 1228 2674 nominativo
1240 2626 1355 2690 positum
1368 2625 1517 2674 subiectum
1529 2628 1569 2672 est
1581 2637 1664 2671 enun-

267 2711 693 2773 11111110101111Τ1101.107,491,
712 2712 753 2762 Al.
768 2715 818 2761 390
831 2728 869 2776 sq.
904 2714 1108 2773 substantivum,
1127 2714 1202 2762 cuius
1220 2714 1388 2763 accusativus
1406 2713 1434 2760 in
1456 2712 1594 2762 enuntiato
1613 2710 1664 2774 pri-

267 2800 350 2849 mario
368 2803 532 2863 expectatur,
550 2801 682 2849 enuntiati
699 2800 806 2850 relativi
824 2800 973 2849 subiectum
995 2806 1035 2849 est
1047 2799 1126 2850 Ther.
1139 2801 1198 2849 890.
1215 2799 1406 2849 adtractionem
1424 2800 1567 2858 inversam,
1585 2811 1665 2860 quam

267 2886 416 2948 statuimus,
435 2901 495 2934 0010
514 2886 708 2937 substantivum
727 2902 886 2951 quamquam
906 2903 958 2936 non
985 2888 1013 2935 in
1042 2888 1180 2936 enuntiato
1198 2886 1312 2937 relativo
1330 2888 1438 2952 ponitur
1460 2891 1550 2935 tamen
1573 2900 1665 2933 casum

268 2974 432 3039 pronominis
450 2973 557 3023 relativi
575 2974 706 3035 adsciscit,
725 2975 807 3024 habes
825 2975 903 3024 Ther.
918 2975 981 3037 3883
1001 2974 1147 3025 0111410.

372 3059 394 3123 ⁴)
413 3060 463 3110 hoc
480 3061 605 3111 0001000
623 3061 694 3128 ἠμὲν
712 3100 751 3112 ...
765 3061 816 3126 ἠδέ
832 3077 848 3111 a
860 3061 994 3111 Nicandro
1007 3062 1128 3112 adhibita
1141 3067 1211 3111 sunt.
1238 3061 1289 3111 hae
1302 3060 1450 3125 particulae
1462 3061 1515 3109 iam
1527 3064 1665 3124 poetarum

269 3147 446 3213 elegiacorum
465 3152 554 3198 aetate
572 3149 706 3200 obsoletae
724 3150 858 3199 rarissime
876 3154 979 3197 tanturn
998 3149 1069 3213 apud
1087 3150 1245 3214 posteriores
1264 3148 1308 3214 (cf.
1321 3149 1395 3197 Arati
1412 3166 1436 3197 v.
1451 3147 1511 3213 800)
1530 3147 1664 3212 leguntur.

372 3231 394 3298 ⁶)
412 3234 445 3284 de
463 3250 512 3284 usu
532 3234 722 3300 particularum
741 3236 954 3301 copulativarunr
973 3235 1042 3284 hanc
1061 3252 1160 3300 quaeso
1179 3237 1306 3300 inspicias
1324 3236 1455 3285 tabulam:

721 3324 749 3372 in
761 3321 839 3372 Ther.
870 3321 912 3372 Al.
1446 3325 1475 3371 in
1487 3322 1565 3371 Ther.
1595 3321 1636 3369 Al.

303 3412 352 3458 καί
367 3424 423 3473 cop.
551 3409 650 3473 legitur
673 3408 739 3458 locis
787 3411 819 3458 72
1028 3415 1096 3474 part.
1115 3407 1167 3474 ἠδέ
1184 3448 1475 3460 ............

701 3534 712 3557 ,
771 3498 819 3546 108
1058 3535 1070 3557 ,
1116 3496 1161 3546 ἰδέ
1185 3535 1474 3547 ............

873 3596 880 3609 ·
898 3586 905 3599 “
1064 3586 1146 3633 verba
1164 3584 1207 3634 vel
1226 3585 1377 3634 enuntiata:

1029 3676 1095 3734 part.
1114 3675 1163 3720 καί
1185 3709 1474 3721 ............

303 3796 396 3894 all..

304 3929 399 3980 τέ...

304 4102 350 4154 ἰδέ

338 4191 506 4240 substantiva
523 4191 594 4239 inter
611 4206 639 4239 se
658 4192 867 4257 coniunguntur:

304 4281 370 4341 part.
389 4278 436 4325 καί
457 4312 749 4327 ............
787 4280 819 4326 39

333 4402 345 4427 ,
391 4363 421 4413 τέ
459 4400 749 4413 ............
787 4366 820 4413 43

334 4488 345 4509 „
392 4450 419 4500 τὲ
439 4453 488 4499 καί
513 4488 750 4500 ..........
788 4454 821 4500 23

334 4574 346 4596 „
392 4536 420 4587 τέ
506 4537 537 4587 τέ
565 4573 751 4587 ........
791 4540 821 4587 16

333 4622 751 4685 ,τὲ...τὲ...1ε’..,.
807 4628 819 4671 1

333 4752 344 4776 ,,
392 4708 600 4761 τὲ...τέκαί
616 4747 751 4760 ......
807 4714 820 4759 1
