3542 5059
1596 178 1617 243 5

215 373 346 459 probari
368 382 550 459 potuerunt,
580 375 706 459 poetica
729 394 806 436 vero
829 370 982 435 facultate
1006 370 1092 434 haud
1115 370 1213 435 multo
1236 370 1403 435 Theriacis
1425 372 1616 458 Alexiphar·

215 480 380 563 macisque
408 480 604 562 praestitisse
634 477 787 541 videntur
810 475 925 541 eadem
947 478 1070 539 ratione
1092 485 1127 539 ut
1149 475 1277 539 videtur
1304 476 1468 560 confectis,
1499 480 1616 562 quippe

215 582 333 666 quibus
357 592 452 667 poeta
474 581 724 668 praeformatam
747 581 789 646 ab
813 579 1008 666 Apollodoro
1033 580 1173 666 quodam
1196 580 1236 644 (16
1259 580 1369 645 bestiis
1392 583 1560 644 venenatis
1584 591 1616 647 et

215 686 257 750 de
288 690 422 751 venenis
453 709 508 751 ore
538 687 660 751 haustis
692 685 893 771 disciplinam
924 685 1072 749 versibus
1102 685 1267 749 incluserit
1296 684 1352 770 (cf.
1375 683 1414 749 Ο.
1436 685 1615 751 Schneider

214 791 358 876 prolegg.
382 816 414 877 p.
433 791 492 855 181
518 790 614 878 sqq).

318 897 388 960 Iam
418 898 443 960 si
479 899 607 981 quaeris
645 917 724 981 quos
754 897 953 980 potissimum
988 896 1159 979 scriptores
1195 892 1360 957 Nicander
1393 896 1426 957 in
1458 897 1614 979 poematis

215 999 381 1064 didacticis
413 1001 473 1065 sibi
503 1001 545 1065 ad
579 1000 769 1065 imitandum
806 1001 1015 1085 proposuerit,
1052 1007 1125 1063 ante
1156 1020 1265 1063 omnes
1302 997 1480 1063 Numenius
1513 1000 1614 1064 Hera-

216 1104 357 1191 cleota,1)
387 1106 544 1195 Dieuchis
574 1104 691 1169 medici
723 1104 899 1190 discipulus
922 1101 976 1189 (cf.
993 1102 1208 1188 Athle),
1234 1111 1338 1167 aetate
1367 1102 1531 1167 Nicandro
1561 1104 1614 1168 ali-

215 1219 332 1293 quanto
363 1212 457 1295 prior,
488 1209 788 1274 commemorandus
817 1217 873 1289 est,
903 1210 993 1272 cuius
1022 1230 1146 1291 versus,
1178 1207 1293 1293 quibus
1324 1206 1461 1272 eandem
1483 1208 1551 1272 fere
1573 1232 1613 1273 ac

214 1312 428 1399 Colophonius
444 1324 539 1400 poeta
555 1316 723 1379 materiam
738 1313 973 1400 tractaverat,²)
996 1316 1143 1398 proxime
1163 1311 1206 1375 ad
1221 1311 1423 1376 Nicandreos
1443 1313 1612 1397 accedunt,

211 1420 256 1481 ita
278 1427 314 1482 ut
336 1421 405 1482 veri
427 1418 621 1483 simillimum
641 1421 680 1483 sit
702 1417 914 1501 Nicandrum,
943 1417 1027 1503 quod
1051 1416 1093 1481 ad
1117 1416 1246 1481 dicendi
1267 1439 1370 1502 genus
1392 1418 1426 1481 in
1448 1417 1613 1483 Theriacis

213 1521 557 1609 Alexipharmacisque
599 1523 735 1607 adtinet,
774 1523 933 1587 Numenio
974 1531 1138 1606 tamquam
1179 1521 1328 1607 exemplo
1368 1543 1463 1586 usum
1504 1523 1612 1609 66663)

211 1638 309 1711 atque
333 1637 368 1691 ut
389 1628 541 1692 nonnulla
564 1651 648 1714 quae
671 1628 822 1692 Numenii
847 1626 1067 1712 Nicandrique
1092 1628 1272 1691 communia
1294 1634 1368 1690 sunt
1389 1625 1545 1710 adferam,
1569 1650 1612 1692 ex

209 1731 375 1817 particulis
392 1731 531 1817 quidem,
561 1732 601 1796 de
625 1732 741 1818 quibus
764 1734 903 1817 primum
925 1755 1031 1817 agam.
1053 1730 1185 1794 voculas
1200 1728 1255 1796 καί
1270 1755 1305 1796 τε
1321 1735 1359 1796 σύ
1373 1753 1408 1813 γε
1429 1754 1503 1795 cum
1526 1743 1611 1818 opta-

207 1838 275 1900 tivo
310 1839 495 1902 coniunctas
531 1847 563 1902 et
591 1838 770 1901 Numenius
805 1835 891 1922 (fni
917 1837 932 1897 1
961 1835 1214 1921 Bussemaker4)
1251 1846 1282 1899 et
1311 1835 1487 1919 Nicander,
1524 1836 1611 1922 apud

209 1964 307 2026 quem
338 1944 443 2005 sexies
470 1942 630 2026 leguntur,
658 1941 813 2023 adhibuit,
840 1940 877 2028 ἠὲ
899 1938 963 2022 καί,
992 1939 1078 2025 quod
1100 1940 1188 2025 apud
1211 1940 1406 2004 Numenium
1429 1941 1485 2004 14
1512 1951 1610 2025 extat,

207 2044 343 2109 XXIIies
369 2046 457 2131 apud
483 2046 684 2110 Nicandrum
715 2048 885 2128 invenitur,
912 2041 963 2132 ἠδ’
986 2045 1111 2111 ὁπόταν
1138 2053 1171 2107 et
1198 2044 1377 2109 Numenius
1415 2044 1495 2129 (XX
1518 2046 1551 2127 2)
1580 2057 1611 2110 et

207 2149 376 2214 Nicander
399 2150 510 2236 (Ther.
529 2150 605 2237 383)
625 2152 802 2236 usurpavit,
827 2148 914 2235 quod
939 2151 1034 2212 etiam
1059 2149 1099 2212 de
1122 2148 1242 2212 vocalis
1268 2150 1301 2233 γὲ
1323 2148 1381 2232 μέν
1402 2150 1499 2234 valet,
1527 2173 1610 2236 quae

206 2258 242 2318 in
264 2254 415 2319 Numenii
444 2254 586 2340 rehquiis
616 2255 665 2318 bis
689 2248 788 2340 (XXI
805 2252 864 2340 l,5)
887 2254 989 2317 XXII
1010 2252 1052 2339 1),
1082 2255 1115 2316 in
1138 2252 1293 2317 Nicandri
1317 2253 1482 2317 Theriacis
1512 2265 1610 2341 atque

206 2358 491 2443 Alexipharmacis
521 2357 656 2423 XIIIIies
682 2359 842 2443 leguntur.
888 2358 1003 2422 harum
1034 2368 1140 2421 autem
1170 2357 1400 2443 particularum
1429 2360 1609 2425 iuncturam

206 2463 330 2527 Aratus
353 2487 491 2550 quoque,
514 2488 534 2527 a
557 2486 619 2550 quo
642 2466 719 2527 item
741 2463 893 2527 nonnulla
916 2472 1079 2527 mutuatus
1102 2485 1172 2526 esse
1191 2462 1320 2526 videtur
1333 2463 1509 2549 Nicander,
1532 2466 1608 2529 ada-

204 2570 315 2633 mavit.
362 2568 448 2633 adde
480 2569 564 2654 quod
601 2568 808 2633 disiunctivas
839 2577 870 2632 et
902 2568 1100 2653 copulativas
1136 2567 1319 2653 particulas,
1351 2590 1431 2653 quas
1461 2571 1544 2633 inter
1573 2592 1608 2633 se

203 2676 345 2737 invicem
362 2674 478 2738 relatas
495 2673 582 2758 apud
594 2674 791 2737 Numenium
808 2671 859 2759 (fr.
870 2674 911 2757 V,
922 2673 996 2756 VH,
1005 2672 1120 2758 XIIII)
1136 2674 1290 2757 invenies,
1308 2672 1396 2757 apud
1408 2673 1608 2739 Nicandrum

204 2799 334 2864 quoque
356 2800 599 2863 nonnumquam
623 2777 737 2842 eodem
763 2777 857 2841 modo
880 2779 971 2840 iuxta
994 2779 1112 2862 positas
1135 2775 1270 2841 videbis.
1301 2776 1459 2841 adverbia
1481 2779 1606 2862 ἄλλοτε,

203 2881 268 2963 ὁτὲ,
292 2883 376 2964 τοτὲ,
401 2906 483 2969 quae
507 2882 594 2968 apud
610 2883 806 2947 Numenium
830 2882 1048 2967 compluribus
1068 2882 1145 2945 locis
1166 2883 1407 2967 conspiciuntur
1429 2904 1503 2946 cum
1525 2886 1608 2947 inter

203 3010 239 3051 se
270 2989 408 3051 invicem
440 2985 492 3073 (fr.
510 2987 618 3070 VIIII,
649 2987 751 3051 XXII
774 2986 808 3062 2)
839 2997 908 3052 tum
938 2986 981 3050 ad
1004 2986 1194 3071 particulam
1217 2987 1442 3051 disiunctivam
1465 2990 1485 3074 q
1507 2987 1608 3052 relata

202 3092 257 3177 (fr.
274 3092 342 3155 ΠΠ
361 3094 387 3175 1,
411 3092 462 3155 XI
480 3092 495 3153 1
515 3102 546 3156 et
561 3091 592 3175 2,
615 3092 716 3155 XIIII
733 3093 760 3175 1,
783 3092 849 3155 XV
865 3090 910 3177 3),
938 3094 1007 3176 pari
1029 3093 1152 3155 ratione
1175 3094 1208 3155 in
1231 3090 1388 3155 Nicandri
1411 3093 1607 3157 carminibus

201 3205 359 3280 usurpata
382 3205 503 3260 extant.
538 3196 666 3260 accedit
691 3219 743 3260 res
768 3206 854 3260 certe
878 3205 1054 3260 memoratu
1072 3196 1179 3282 digna,
1204 3196 1290 3282 quod
1305 3195 1497 3261 adverbium
1512 3192 1608 3263 ἔνθεν

199 3323 269 3364 una
297 3324 371 3364 cum
396 3301 552 3364 infinitIvo
574 3303 755 3385 imperativi
785 3302 856 3365 vice
880 3303 982 3385 posito
1005 3310 1040 3364 ut
1069 3300 1156 3385 apud
1179 3302 1374 3365 Numenium
1397 3299 1483 3387 (fal
1506 3301 1539 3388 6)
1562 3304 1606 3365 ita

200 3404 291 3491 apud
308 3404 508 3470 Nicandrum
525 3406 633 3490 (Ther.
652 3405 729 3489 7133
754 3406 838 3469 adde
854 3406 952 3469 Ther.
969 3404 1047 3491 525)
1070 3408 1237 3490 reperitur.
1275 3416 1343 3469 tum
1366 3428 1464 3470 voces
1487 3406 1608 3492 aliquot

309 3613 329 3680 ¹)
349 3615 381 3665 de
405 3631 457 3679 quo
480 3616 541 3664 vide
565 3630 633 3679 quae
656 3615 781 3665 Meineke
800 3616 917 3665 Exercit.
936 3614 1002 3679 phil.
1020 3616 1049 3663 in
1066 3614 1163 3664 Athen.
1182 3616 1203 3666 I.
1222 3633 1246 3681 p.
1262 3618 1277 3663 2
1296 3632 1334 3680 sq.
1354 3615 1481 3680 (Exercit.
1501 3617 1557 3665 crit.
1577 3617 1605 3666 in

199 3702 299 3752 Athen.
319 3719 343 3766 p.
364 3704 379 3751 6
397 3702 456 3767 sq),
475 3702 505 3751 Ο.
526 3702 672 3752 Schneider
696 3703 814 3768 prolegg.
833 3720 859 3766 p.
874 3704 925 3751 200
944 3718 992 3766 sq.,
1019 3703 1078 3751 Birt
1100 3698 1142 3752 ‘de
1165 3703 1325 3752 Halieuticis
1348 3703 1444 3753 Ovidio
1471 3704 1537 3753 falso
1560 3704 1607 3753 ad-

199 3785 317 3852 scriptis’
338 3789 458 3839 Berolini
481 3790 544 3839 1878
565 3806 588 3853 p.
610 3792 659 3839 126
679 3806 726 3855 sq,
745 3789 877 3840 Susamihl
897 3786 1066 3841 ‘Geschichte
1085 3790 1132 3839 der
1150 3789 1285 3839 alexandr.
1305 3787 1460 3841 Litteratur‘
1479 3791 1492 3839 I
1510 3808 1534 3855 p.
1554 3791 1604 3840 813

202 3881 392 3941 exposuerunt.

307 3960 329 4028 ²)
348 3967 453 4028 praeter
480 3963 535 4013 alia
562 3966 632 4013 enim
660 3965 781 4013 versibus
809 3963 922 4012 heroicis
944 3963 1079 4030 Θηριακόν
1108 3963 1163 4029 (vel
1190 3966 1319 4032 Θηριακά,
1347 3980 1409 4014 nam
1437 3965 1470 4015 de
1497 3968 1605 4016 nomine

199 4051 349 4111 dubitatur,
367 4051 400 4099 cf.
420 4051 484 4100 Keil
502 4050 536 4100 ad
554 4050 636 4100 schol.
655 4051 713 4100 Nic.
733 4052 813 4100 Ther.
827 4049 898 4115 637),
917 4051 950 4100 (16
969 4066 1021 4114 quo
1040 4052 1207 4115 potissimum
1226 4053 1343 4101 carmine
1362 4068 1431 4116 quae
1450 4069 1530 4118 supra
1549 4053 1605 4102 dixi

200 4137 303 4198 valent,
327 4142 356 4187 et
377 4134 542 4188 Ἁλιευτικόν
564 4140 719 4203 composuit.
756 4138 880 4187 Theriaci
907 4144 997 4187 autem
1022 4139 1225 4202 Halieuticique
1243 4139 1393 4204 fragmenta
1416 4149 1605 4206 congesserunt

198 4225 379 4274 Bussemaker
397 4226 425 4274 in
444 4225 484 4274 ed.
502 4227 645 4291 posthoc.
665 4232 692 4275 et
710 4225 761 4274 did.
776 4226 885 4275 Parisiis
898 4240 922 4274 a.
938 4227 1003 4274 1862
1023 4226 1051 4274 in
1065 4226 1153 4275 lucem
1172 4228 1276 4290 emissa,
1295 4243 1374 4291 quarn
1392 4244 1473 4293 supra
1490 4232 1605 4295 respexi,

199 4318 227 4363 et
247 4313 306 4361 Birt
323 4312 340 4361 l.
362 4329 382 4361 s.
402 4328 424 4361 c.

306 4396 327 4463 8)
347 4399 393 4448 cfr.
412 4398 543 4449 scholium
563 4400 597 4449 ad
616 4399 694 4448 Ther.
715 4401 764 4448 237
783 4401 1002 4465 μεταπεποίηται
1020 4398 1051 4450 di
1070 4399 1099 4449 ἐκ
1118 4404 1173 4451 τῶν
1191 4404 1361 4467 Νουμηνίου.

306 4484 327 4552 4)
347 4488 394 4536 ubi
412 4487 457 4536 καὶ
477 4484 506 4536 cli
526 4486 559 4537 σύ
579 4503 618 4553 γε,
638 4487 708 4551 quod
727 4487 802 4536 libris
821 4487 943 4548 traditur,
962 4489 989 4535 in
1008 4490 1057 4537 καί
1070 4504 1098 4538 τε
1112 4487 1146 4537 σύ
1159 4504 1190 4555 γε
1209 4489 1365 4539 mutandum
1383 4490 1500 4555 videtur;
1520 4492 1552 4541 cl.
1571 4492 1605 4543 Ο.

198 4574 348 4626 Schneider
366 4574 401 4624 ad
419 4573 460 4623 Al.
480 4576 521 4623 92.

308 4659 330 4726 ⁶)
349 4676 364 4711 e
383 4661 515 4711 Meinekii
534 4663 688 4711 coniectura
705 4661 723 4711 l.
742 4677 764 4711 c.
784 4661 895 4725 prolata.
