3542 5059
200 191 260 256 156

249 387 312 436 Met.
326 388 350 437 X
364 389 397 438 26
415 389 558 440 multarum
571 391 719 457 palmarum
737 397 872 458 spectatus
977 411 1025 461 pro
1034 395 1109 444 Rosc.
1119 393 1177 444 Am.
1187 395 1212 457 6,
1223 395 1256 444 11
1265 392 1440 458 plurimarum
1451 393 1603 458 palmarum

198 471 346 541 (medicus).
927 522 972 534 ...
992 484 1090 534 nobilis
1106 481 1246 548 gladiator.

250 562 313 612 Met.
327 563 352 614 X
371 566 404 614 33
422 567 458 616 in.
477 569 562 632 togati
580 567 699 620 vulturii.
977 587 1025 636 pro
1043 570 1209 631 86613311
1228 569 1342 620 vulturii
1359 568 1488 634 paludati.

250 650 322 702 Flor.
340 653 381 714 16,
410 669 435 718 p.
455 655 497 718 22,
514 657 548 704 20
578 670 667 707 emere
696 656 764 708 velis
793 675 873 725 quam
978 659 1052 709 Verr.
1065 658 1120 708 1111
1138 659 1162 718 6,
1176 660 1208 707 12
1227 656 1297 706 malo
1310 672 1399 706 emere
1410 671 1490 721 quam
1507 669 1604 722 rogare

198 755 299 807 rogare.
926 747 971 814 (cf.
984 746 1047 797 otto
1065 745 1192 812 Sprichw.
1211 763 1236 812 p.
1251 743 1321 811 124).

302 918 362 984 Η16
393 922 491 1006 igitur
516 921 660 986 breviter
674 916 841 1010 ¹expositis
868 925 932 988 iam
958 922 1044 988 116116
1074 923 1295 1008 quaestionem
1322 921 1514 988 concludam
1541 923 1603 989 dis-

199 1027 362 1112 putatione
394 1025 435 1090 de
455 1027 584 1092 Valerio
607 1027 751 1094 Maximo
781 1031 924 1093 instituta
954 1051 1051 1114 quem
1081 1027 1124 1092 ab
1152 1027 1290 1113 Apuleio
1320 1029 1500 1113 inspectum
1530 1051 1602 1094 esse

199 1141 286 1216 puto,
317 1155 391 1197 cum
418 1131 595 1217 Apologiae
623 1144 721 1219 caput
747 1132 784 1196 18
812 1133 978 1199 scriberet.
1024 1132 1103 1197 ordo
1131 1134 1216 1197 enim
1243 1134 1385 1197 virorum
1412 1155 1602 1220 pauperum,

200 1259 279 1322 quos
303 1247 470 1302 enumerat
493 1247 541 1302 cst
563 1237 629 1302 hic:
653 1237 818 1303 Publicola
838 1261 953 1324 regum
969 1247 1103 1303 exactor
1125 1237 1170 1324 (p.
1188 1237 1239 1322 21,
1256 1237 1301 1323 6),
1324 1236 1471 1325 Agrippa
1493 1239 1604 1324 populi

199 1341 420 1407 reconciliator
443 1341 560 1428 (16.1),
584 1342 700 1407 Atilius
723 1343 867 1429 Regulus
890 1343 956 1429 (21,
978 1342 1022 1429 9).
1069 1346 1133 1408 iam
1163 1341 1256 1407 vides
1286 1342 1426 1407 eundem
1456 1343 1603 1409 ordinem

200 1470 333 1512 servare
356 1446 521 1512 Valerium
552 1447 633 1534 (IIII
656 1471 683 1513 6.
700 1449 731 1530 4,
751 1450 765 1510 1
785 1447 857 1534 sq),
889 1449 949 1512 nisi
978 1447 1065 1534 quod
1091 1449 1175 1513 inter
1203 1447 1391 1513 Menenium
1422 1446 1603 1534 Agrippam

201 1562 232 1616 61
261 1552 394 1617 Atilium
424 1552 584 1638 Regulum
615 1552 656 1617 de
685 1553 721 1619 (l.
750 1554 900 1619 Fabricio
935 1563 967 1618 61
998 1552 1037 1632 Q.
1066 1552 1203 1618 Aemilio
1237 1553 1326 1638 Papo
1357 1555 1499 1638 exponit.
1544 1554 1603 1618 sed

201 1661 296 1723 etiam
322 1657 424 1722 verba
450 1660 519 1743 ipsa
548 1681 590 1722 ex
612 1657 742 1722 Valerio
764 1657 921 1744 Apuleius
948 1660 1076 1742 petiisse
1104 1658 1182 1722 mihi
1209 1657 1348 1723 videtur.
1394 1657 1476 1722 dixit
1502 1660 1602 1723 enim:

200 1756 348 1849 ‘quorum
369 1763 465 1828 funus
488 1762 529 1827 ob
551 1765 656 1828 tenuis
680 1786 756 1848 opes
779 1787 798 1828 a
820 1764 938 1849 populo
961 1765 1107 1829 Romano
1131 1763 1265 1828 conlatis
1287 1762 1490 1828 sextantibus
1512 1763 1604 1828 ador-

201 1878 313 1933 natum
336 1864 394 1932 666
417 1870 593 1954 respiciens
616 1878 693 1954 puto
716 1867 858 1955 Valeri1)
881 1869 986 1934 verba
1008 1861 1080 1935 ‘nisi
1102 1893 1122 1934 6
1144 1868 1261 1955 populo
1285 1867 1418 1932 conlatis
1440 1870 1472 1933 in
1497 1871 1605 1954 capita

201 1971 403 2038 sextantibus
426 1972 593 2037 funeratus
616 1968 720 2037 esset‘.
758 1984 929 2059 praeterea
952 1973 1071 2038 similes
1094 1984 1168 2038 sunt
1189 1973 1390 2037 narrationes
1405 1973 1484 2037 Met.
1501 1974 1604 2038 11Πό

202 2087 234 2143 61
257 2077 327 2142 Vel.
343 2077 412 2142 ΠΙΙ
434 2077 454 2140 6
478 2077 580 2142 61112
610 2077 665 2163 (de
693 2101 794 2143 uxore
821 2078 911 2144 fideli
937 2082 970 2143 in
997 2078 1143 2144 habitum
1164 2079 1292 2142 virilem
1318 2077 1492 2142 reformato
1514 2088 1547 2142 et
1570 2081 1603 2143 in

202 2185 314 2248 castris
344 2183 431 2247 vitae
461 2182 605 2247 militaris
635 2205 806 2248 aerumnas
837 2183 1041 2270 sustinente),
1072 2183 1150 2248 Met.
1167 2184 1200 2247 X
1225 2183 1264 2246 16
1296 2183 1605 2248 61116111ΠΠ12

202 2288 311 2352 61116
346 2286 401 2374 (de
434 2289 509 2353 vino
543 2290 632 2352 asino
666 2287 794 2372 oblato).
841 2289 981 2374 denique
1015 2290 1190 2355 locutiones
1223 2287 1342 2374 aliquot
1375 2287 1493 2354 similes
1525 2288 1605 2352 mihi

202 2395 343 2458 enotavi:

252 2551 384 2617 1110131,
401 2570 425 2618 p.
439 2556 481 2614 41,
494 2555 509 2601 2
522 2569 559 2618 sq.
579 2569 637 2602 cum
651 2553 875 2604 animadverteret
980 2553 1039 2604 Val.
1053 2553 1107 2602 IIII
1127 2554 1177 2615 1,1
1202 2569 1219 2602 a
1240 2553 1418 2617 piscatoribus
1437 2589 1443 2600 .
1458 2590 1463 2601 .
1478 2589 1483 2600 .
1503 2554 1604 2602 everri-

201 2642 320 2707 proxime
338 2641 522 2706 Metapontum
607 2657 623 2690 a
646 2639 804 2705 quibusdam
823 2643 873 2706 pis·
928 2642 1017 2692 culum
1042 2641 1210 2690 trahentibus
1237 2639 1345 2705 quidam
1372 2641 1471 2689 iactum
1490 2646 1605 2704 emerat;

201 2729 334 2778 catoribus
351 2719 528 2778 everriculum
547 2729 625 2789 trahi,
643 2729 776 2778 fortunam
789 2729 875 2778 iactus
929 2729 1021 2796 (paulo
1040 2729 1122 2779 infra:
1141 2729 1275 2778 fortunam
1294 2727 1390 2777 ductus
1408 2726 1523 2792 emisse).

201 2819 259 2866 eius
278 2818 381 2866 emisse.

253 2904 330 2969 Apol.
343 2907 386 2966 63,
399 2922 424 2970 p.
435 2906 476 2966 63,
491 2907 523 2953 14
542 2902 680 2953 individuo
693 2905 875 2954 contubernio.
982 2904 1060 2953 VIIII
1079 2904 1102 2965 6,
1121 2905 1203 2953 6113
1222 2901 1361 2952 dividuum
1380 2903 1593 2952 contubernium.

253 2993 325 3044 Flor.
339 2995 363 3057 3,
381 3011 406 3058 p.
420 2994 474 3056 4,6
493 2993 576 3042 barba
594 2991 739 3056 squalidus.
982 2992 995 3040 I
1014 2993 1037 3054 1,
1057 2993 1071 3040 1
1096 2990 1248 3054 squalidum
1266 2991 1350 3040 barba
1377 2990 1421 3057 (cs.
1441 2990 1520 3055 Verg.
1538 2990 1605 3040 Aen.

929 3080 1024 3128 11111
1043 3077 1211 3143 squalentem
1230 3076 1359 3142 barbam).

254 3167 286 3218 de
299 3168 348 3217 deo
361 3167 432 3218 Socr.
444 3168 484 3230 15,
497 3183 522 3232 p.
539 3169 578 3226 18,
593 3168 624 3215 12
644 3168 761 3216 emeritis
778 3169 876 3232 stipen·
982 3166 1006 3214 V
1020 3167 1044 3229 1,
1059 3169 1071 3215 1
1091 3168 1164 3216 vitae
1176 3167 1294 3216 emeritis
1310 3165 1450 3230 stipendiis
1469 3164 1513 3232 (cf.
1526 3165 1606 3216 Lucr.

202 3255 252 3306 diis
270 3256 350 3304 vitae.
930 3254 1043 3313 111966,
1056 3253 1116 3303 Seu.
1129 3253 1179 3318 Ep.
1193 3254 1235 3314 93,
1247 3255 1272 3312 4,
1285 3251 1388 3302 Colum.
1400 3253 1441 3302 III
1453 3254 1504 3313 6,4
1517 3252 1606 3316 861111,

930 3340 1024 3392 Claud.
1037 3339 1106 3390 Bell.
1120 3340 1190 3390 Gild.
1205 3337 1273 3404 116).

306 3538 424 3624 Apulei
446 3537 543 3601 libros
567 3534 702 3600 multum
726 3534 845 3619 diuque
868 3536 902 3597 in
925 3533 1090 3598 hominum
1113 3534 1267 3596 memoria
1289 3538 1435 3596 versatos
1459 3551 1529 3595 esse
1553 3531 1606 3595 de·

202 3645 392 3710 monstravit
415 3644 610 3729 chmann,
633 3642 685 3704 vir
711 3639 865 3724 singulari
890 3638 1036 3703 doctrina
1064 3647 1194 3702 ornatus
1222 3646 1254 3701 et
1281 3635 1388 3721 ampla
1415 3638 1607 3720 scriptorum

203 3760 348 3816 veterum
369 3748 505 3812 lectione
521 3750 703 3811 instructus.
743 3747 832 3808 cuius
853 3744 1101 3830 disputationem
1121 3765 1195 3806 cum
1215 3741 1350 3806 adsidue
1369 3741 1606 3824 lectitavissem,

203 3856 289 3921 locos
317 3854 473 3940 quosdam
501 3853 543 3916 ab
572 3875 608 3916 eo
635 3850 800 3936 neglectos
828 3849 990 3914 adnotavi.
1036 3870 1115 3934 quos
1145 3850 1210 3911 iam
1237 3868 1415 3933 proponere
1442 3854 1606 3930 tamquam

203 3964 316 4026 messis
346 3960 529 4025 uberrimae
560 3957 759 4043 spicilegium
791 3959 944 4040 exiguum
976 3975 1039 4018 non
1069 3951 1179 4016 inutile
1209 3973 1280 4016 esse
1308 3953 1464 4015 existimo.
1510 3960 1607 4034 atque

205 4090 277 4132 eam
291 4089 360 4130 rem
380 4068 424 4130 ita
439 4066 610 4146 instituam,
634 4072 669 4126 ut
685 4061 727 4126 ab
743 4059 912 4124 Ammiano
930 4057 1125 4121 Marcellino
1143 4056 1259 4138 ordiar,
1284 4055 1325 4119 de
1341 4077 1404 4141 quo
1419 4055 1607 4141 Weymann

203 4196 234 4259 p.
252 4172 314 4236 361
332 4194 401 4258 sqq.
425 4171 584 4236 disseruit.
629 4168 712 4232 haec
734 4170 831 4252 igitur
854 4187 938 4250 quae
960 4163 1079 4228 addam
1102 4161 1222 4226 habeo:

309 4451 330 4520 ¹)
349 4455 394 4518 qui
413 4453 486 4502 Livii
503 4452 592 4501 locum
611 4452 762 4516 exscripsit;
781 4450 828 4500 sed
846 4449 948 4508 dubito,
967 4463 1032 4496 num
1044 4447 1153 4495 Livium
1171 4447 1259 4511 ipsum
1276 4443 1373 4508 legerit
1385 4439 1527 4506 Apuleium
1545 4455 1607 4489 nam

205 4546 278 4592 certa
295 4543 452 4591 imitationis
470 4541 584 4604 vestigia
606 4544 697 4588 extare
720 4555 773 4588 non
799 4538 931 4588 existimo.
967 4551 1051 4584 unum
1073 4539 1178 4582 tantum
1202 4533 1248 4597 qui
1271 4531 1377 4580 maioris
1399 4528 1606 4607 momentilesse

205 4631 312 4680 videtur
330 4629 418 4679 locum
436 4629 554 4692 repperi:
573 4627 637 4676 Met.
651 4627 716 4676 VIII
735 4628 750 4675 6
770 4622 842 4690 ‘quin
862 4639 944 4688 equos
962 4616 1159 4681 inscendimus',
1178 4635 1258 4684 quem
1276 4613 1397 4668 conferas
1415 4631 1475 4665 cum
1493 4615 1606 4664 Liviano

206 4719 219 4768 I
238 4719 269 4767 61
289 4715 362 4781 ‘quin
381 4715 584 4766 conscendimus
602 4711 700 4779 equos'.
