3542 5059
227 215 288 280 120

224 410 270 472 eis
294 409 496 472 continentur
519 411 659 493 suspecti
682 416 766 491 sunt,
789 407 823 472 id
846 430 973 494 quoque
997 407 1133 490 accedit,
1157 407 1243 492 quod
1267 406 1388 471 scholia
1409 405 1464 470 illa
1486 408 1622 491 particu-

223 513 328 578 larum
345 512 461 598 quibus
484 512 712 598 adiunguntur,
736 514 834 578 veluti
858 506 912 598 ‘et,
935 536 1021 594 nam,
1044 508 1174 596 autcm',
1197 535 1258 576 usu
1280 515 1313 576 in
1335 513 1550 598 suspicionem
1572 533 1623 574 vo·

225 626 347 702 cantur,
376 627 484 682 tamen
511 617 586 683 huic
613 621 660 683 rei
687 618 745 683 soli
771 641 835 683 non
861 640 1014 702 magnam
1042 617 1141 682 fidem
1167 617 1316 682 tribuam.
1362 615 1456 681 facile
1483 618 1622 680 enimin

223 745 366 788 errorem
395 722 643 807 adduceremur,
678 726 704 787 si
735 746 845 788 omnes
876 722 1033 788 eiusmodi
1063 722 1284 787 adnotationes
1314 721 1431 786 talibus
1460 721 1622 806 particulis

223 827 491 893 antecedentibus
511 828 657 893 adnexas
678 852 736 915 pro
757 828 985 892 additamentis
1005 827 1239 914 haberemus.¹)
1262 826 1321 892 sed
1343 826 1431 891 aliud
1453 849 1621 912 argumen-

222 942 291 997 tum
312 935 510 1019 inpromptu
534 943 591 1020 est,
615 955 811 1019 quamquam
834 956 875 997 ne
899 934 960 997 hoc
981 932 1111 1018 quidem
1134 932 1228 1018 plane
1252 941 1376 997 certum
1398 954 1468 997 esse
1486 931 1621 996 videtur.

223 1039 341 1102 etenim
367 1037 424 1102 ubi
452 1039 644 1124 etymologia
671 1038 764 1103 verbi
792 1039 983 1123 explicatur,
1014 1037 1100 1124 quod
1126 1040 1158 1100 in
1189 1040 1257 1124 ipso
1284 1036 1414 1102 fabulae
1441 1047 1534 1101 textu
1559 1059 1622 1101 non

221 1141 347 1228 legitur,
378 1143 440 1208 hoo
467 1143 621 1207 scholium
648 1155 759 1230 postea
790 1144 921 1209 demum
950 1144 1113 1208 adiectum
1140 1153 1172 1206 et
1202 1143 1245 1208 ab
1276 1142 1337 1207 alio
1368 1152 1498 1208 auctore
1526 1153 1621 1228 atque

223 1271 261 1313 co
292 1250 346 1334 qui
375 1247 550 1314 verborum
577 1272 660 1335 quae
690 1252 723 1313 in
754 1249 883 1314 fabulae
907 1259 999 1314 textu
1026 1250 1178 1334 leguntur
1207 1251 1434 1335 originationes
1460 1251 1624 1335 proposuit

222 1354 401 1440 profectum
435 1377 505 1419 esse
540 1358 695 1441 suspicari
728 1359 838 1442 possis
884 1379 923 1419 ac
958 1359 984 1419 si
1014 1366 1182 1441 praeterea
1215 1356 1248 1419 id
1282 1355 1446 1441 particulis
1480 1354 1541 1419 illis
1571 1353 1621 1418 vel

222 1459 306 1545 aliis,
341 1461 440 1526 veluti
473 1462 568 1546 inde,
599 1458 706 1546 unde’,
741 1463 918 1543 inducitur,
952 1472 1020 1526 turn
1055 1486 1093 1525 ea
1128 1464 1266 1548 suspicio
1301 1460 1443 1547 profecto
1476 1471 1620 1546 augetur.

223 1570 361 1653 primum
388 1570 484 1653 igitur
506 1567 593 1632 locos
617 1568 773 1654 quosdam
796 1568 953 1648 adferam,
978 1566 1094 1653 quibus
1117 1567 1159 1631 ad
1182 1567 1338 1631 scholium
1361 1566 1535 1652 quoddam,
1559 1590 1621 1654 qno

222 1672 315 1738 verbi
338 1676 370 1737 in
397 1683 489 1737 textu
511 1675 604 1759 positi
631 1676 719 1758 origo
747 1675 938 1759 explicatur,
966 1673 1101 1737 alterum
1129 1673 1265 1756 accedit,
1294 1695 1356 1758 quo
1384 1672 1476 1737 verbi
1503 1676 1535 1736 in
1562 1672 1622 1737 hoc

223 1779 342 1844 scholio
370 1781 509 1843 extantis
536 1781 701 1864 originatio
728 1781 924 1864 proponitur.
971 1778 1034 1842 Ad.
1055 1779 1088 1843 ll
1114 1780 1141 1861 1,
1158 1777 1199 1841 28
1226 1781 1258 1841 in
1281 1788 1373 1842 textu
1399 1777 1516 1862 legitur
1538 1770 1622 1842 ‘loris

222 1879 323 1968 liber',
352 1885 496 1969 sequitur
521 1884 583 1947 hoc
606 1884 761 1947 scholion:
792 1875 871 1947 ‘lora
894 1883 981 1968 apud
1004 1893 1131 1946 veteres
1158 1883 1250 1946 laura
1273 1882 1464 1946 dicebantur
1490 1907 1509 1946 a
1531 1882 1621 1946 lauro

222 1988 465 2074 triumphorum,
501 1987 561 2052 sub
593 2011 656 2074 qua
686 2011 754 2052 mos
785 1999 854 2053 erat
885 1990 1027 2073 captivos
1058 1989 1172 2051 vinciri
1203 1987 1342 2072 ducique
1373 2010 1432 2071 per
1461 2009 1620 2074 pompam.

221 2093 294 2158 ideo
322 2102 429 2158 autem
456 2104 490 2157 ut
518 2093 713 2157 condicionis
740 2096 995 2177 reminiscantur,
1023 2092 1097 2156 loris
1122 2091 1300 2156 caeduntur
1327 2089 1506 2177 mancipia',
1535 2092 1621 2178 quod

221 2198 303 2262 haec
323 2201 501 2283 excipiunt:
525 2191 629 2263 ‘nam
653 2201 812 2283 mancipia
829 2198 989 2282 dicuntur,
1013 2197 1099 2283 quod
1122 2221 1220 2261 manu
1242 2207 1336 2282 capta
1359 2207 1443 2280 sunt,
1467 2200 1553 2262 sorvi
1568 2201 1623 2283 qui

222 2306 342 2368 servati
365 2315 439 2368 sunt
456 2356 461 2367 .
481 2357 486 2368 .
505 2301 524 2368 ‚²
569 2303 632 2369 Ad.
651 2304 700 2368 Ill
723 2304 790 2387 3,b
817 2307 848 2368 in
876 2313 969 2368 textu
996 2303 1097 2367 habes
1120 2296 1164 2367 ‘in
1186 2326 1325 2388 ganeum
1348 2298 1475 2388 aliquo',
1505 2301 1621 2367 deinde

221 2403 306 2473 hanc
326 2410 578 2474 adnotationem:
599 2402 736 2474 ‘veteres
756 2433 895 2494 ganeam
911 2408 1183 2493 subterraneaml)
1202 2408 1371 2472 tabernam
1387 2407 1542 2472 dixerunt
1555 2411 1622 2473 ἀπὸ

221 2522 277 2600 τῆς
291 2511 382 2600 γαίης
395 2509 482 2579 τοῦτ’
498 2511 566 2579 ἔστι
587 2514 680 2602 ,6193)
704 2514 790 2600 quod
806 2518 876 2599 ipsa
894 2516 934 2578 sit
955 2517 986 2579 in
1010 2525 1106 2592 terra,
1130 2537 1194 2577 non
1218 2523 1253 2577 61
1276 2513 1430 2576 cenacula
1453 2509 1620 2598 superius',

222 2618 362 2704 denique
391 2619 452 2683 hoc
478 2619 633 2686 scholium
661 2619 823 2683 adiectum
854 2630 915 2683 est:
950 2612 1066 2683 ‘unde
1094 2630 1125 2683 ct
1146 2619 1292 2698 taberna,
1320 2621 1411 2703 quasi
1434 2619 1580 2702 trabena,
1603 2642 1623 2682 a

221 2723 430 2788 validioribus
454 2724 539 2788 dicta
563 2723 718 2808 trabibuS,
742 2725 858 2810 quibus
882 2728 1047 2809 superiora
1070 2722 1227 2809 suspensa
1250 2720 1342 2789 sunt'.
1386 2723 1466 2788 haec
1489 2723 1620 2799 scholia,

222 2852 305 2915 quae
339 2829 503 2915 particulis
534 2822 631 2894 ‘nam’
662 2839 694 2893 et
722 2822 831 2894 ‘unde’
861 2830 1086 2913 adnectuntur,
1122 2833 1190 2893 sine
1221 2829 1318 2893 dubio
1348 2839 1459 2913 postea
1490 2828 1620 2892 demum

222 2934 349 2998 adiecta
371 2933 484 3018 sums)
522 2943 673 2998 nontam
698 2945 785 2999 certa
809 2957 905 3020 quam
928 2935 977 2999 his
1001 2936 1077 2998 locis
1101 2958 1152 2998 ros
1176 2937 1277 2999 estin
1301 2934 1371 2998 aliis
1395 2933 1531 3018 scholiis,
1555 2935 1620 3019 qui-

221 3038 282 3103 bus
306 3041 444 3124 origines
460 3039 690 3104 vocabulorum
714 3041 916 3126 quorundam
933 3063 1015 3124 quae
1038 3043 1070 3104 in
1086 3050 1177 3105 textu
1194 3063 1258 3103 non
1282 3049 1394 3103 extant
1409 3039 1619 3124 explicantur,

222 3167 295 3208 cum
318 3143 413 3208 facile
436 3146 504 3209 fieri
527 3147 674 3230 potuerit,
699 3156 733 3208 ut
756 3146 926 3209 scholiasta
950 3145 1026 3208 data
1049 3148 1215 3208 occasione
1244 3144 1284 3208 de
1311 3143 1460 3208 vocabuli
1486 3142 1619 3206 alicuius

223 3249 309 3335 quod
325 3249 514 3317 cumvverbo
531 3251 561 3312 in
579 3259 670 3313 textu
686 3252 786 3334 posito
803 3249 954 3314 cohaeret
970 3251 1092 3333 origine
1109 3259 1294 3334 exponeret.
1330 3248 1486 3312 eiusmodi
1501 3258 1620 3333 etymo-

220 3353 321 3438 logias
344 3353 445 3417 habes
469 3353 631 3438 particulis
655 3346 750 3436 bam,
775 3366 815 3436 et,
840 3355 925 3437 inde,
948 3350 1046 3418 unde'
1069 3352 1215 3417 adnexas
1238 3352 1301 3417 Ad.
1319 3354 1369 3417 ΙΙΙ
1391 3354 1421 3436 3,
1437 3352 1478 3414 41
1502 3350 1619 3437 (agor),

221 3458 419 3542 Δ41616172,
438 3460 477 3521 14
501 3457 619 3544 (Cato),
642 3459 745 3524 Andr.
762 3461 778 3523 I
805 3461 831 3541 l,
851 3459 914 3522 100
937 3458 1134 3545 (exequiae),
1162 3460 1242 3522 Hec.
1259 3458 1310 3522 III
1332 3459 1362 3539 b,
1379 3457 1435 3540 28,
1464 3457 1531 3521 ΠΠ
1553 3456 1617 3539 2,1

223 3562 405 3649 (morosus),
430 3564 532 3628 Andr.
549 3564 599 3627 ΙΙΙ
626 3566 652 3646 1,
672 3565 711 3627 15
735 3563 920 3649 (obstetrix3
945 3564 1060 3627 eadem
1076 3567 1222 3649 exposita
1238 3563 1340 3626 babes
1355 3562 1416 3626 hoc
1439 3561 1509 3626 loco
1525 3570 1620 3646 atque

222 3666 321 3749 altero
344 3667 360 3731 I
383 3668 413 3752 5,
434 3669 485 3739 64,
518 3691 580 3753 quo
611 3671 773 3752 aptissime
804 3668 886 3731 haec
917 3671 1083 3754 originatio
1113 3669 1297 3752 profertur),
1331 3666 1498 3731 Phorml
1526 3665 1557 3748 4,
1577 3666 1620 3728 43

222 3771 403 3857 (plectrum,
427 3772 545 3858 plaga),
574 3773 677 3838 Andr.
695 3773 810 3858 prol.3
839 3773 973 3860 (poeta),
1004 3774 1118 3837 Hecl
1141 3773 1170 3855 2,
1189 3773 1229 3836 84
1253 3771 1410 3859 (procus),
1434 3772 1516 3836 Eun.
1534 3771 1566 3835 ΙΙ
1588 3772 1619 3853 2,

222 3876 261 3940 31
288 3875 414 3963 (secta),
439 3877 553 3941 Hecl
578 3877 697 3962 2,121,
721 3878 834 3943 Α(1.ΙΙ
860 3881 887 3961 1,
905 3879 958 3960 373
984 3879 1051 3943 IlIl
1074 3879 1162 3962 7,10
1185 3875 1420 3962 (Vertumnus).

291 4074 297 4086 ‚
324 4016 346 4082 ²)
365 4034 477 4084 magnus
500 4019 617 4084 profecto
640 4020 799 4069 scholiorum
824 4036 949 4069 numcrus
972 4027 1019 4083 est,
1042 4037 1111 4084 quae
1134 4020 1264 4069 eiusmodi
1287 4019 1426 4084 particulis
1444 4019 1620 4081 inducuntur,

221 4104 254 4154 cf.
277 4121 341 4169 ager
360 4106 407 4155 Ad.
421 4107 461 4155 ΙΙΙ
480 4109 503 4166 3,
517 4109 562 4170 47,
586 4107 656 4156 cella
674 4107 721 4157 Ad.
735 4107 791 4157 1111
810 4110 893 4170 2,13,
916 4108 1033 4157 clemens
1052 4107 1127 4156 Ad.I
1148 4110 1227 4170 1,17,
1248 4109 1271 4156 V
1284 4109 1308 4167 4,
1324 4108 1368 4170 10,
1391 4106 1521 4169 exequiae
1538 4105 1618 4154 Andr.

220 4192 233 4241 I
254 4195 352 4255 1,100;
372 4209 500 4259 exspuere
519 4195 588 4244 Eun.
602 4196 642 4244 ΙΙΙ
662 4197 742 4257 1,16;
762 4197 836 4245 111116
855 4195 935 4244 Andr.
950 4196 990 4245 III
1008 4197 1033 4256 4,
1048 4197 1079 4244 18
1097 4196 1132 4245 61.

324 4278 345 4344 ²)
365 4282 403 4330 sic
421 4287 493 4331 recte
511 4282 610 4347 legitur
628 4285 656 4331 in
675 4283 811 4332 Bembino.

324 4365 345 4432 3)
365 4369 403 4418 sic
420 4370 508 4418 locum
527 4371 644 4419 restitnit
662 4369 815 4420 Sabbadini.

324 4453 346 4518 ⁴)
364 4455 434 4506 Eun.
448 4457 488 4504 III
500 4461 524 4521 b,
538 4460 571 4506 53
589 4460 612 4506 si
628 4460 711 4508 verba
729 4455 816 4522 ‘limis‚
835 4461 857 4507 si
875 4460 1057 4518 nominativus
1075 4458 1219 4522 singularis
1232 4462 1279 4518 ost,
1297 4462 1463 4507 transversus
1480 4453 1619 4522 significat'

219 4544 374 4605 respexeris,
393 4545 439 4593 vix
456 4547 514 4595 veri
537 4546 623 4595 similo
641 4547 691 4595 tibi
711 4547 844 4597 videbitur
868 4546 982 4595 eundern
1006 4548 1160 4610 scriptorem
1178 4547 1267 4596 verbis
1291 4560 1359 4609 quae
1383 4549 1532 4609 sequuntur
1548 4541 1618 4594 'narn

219 4628 291 4676 limis
309 4634 349 4677 est
366 4630 539 4682 transversus'
558 4635 586 4682 in
610 4633 659 4682 hac
684 4649 711 4682 re
734 4634 893 4698 explicanda
917 4635 1072 4700 perrexisse.
1109 4634 1202 4683 eodem
1226 4634 1302 4682 modo
1326 4638 1449 4700 suspecta
1472 4638 1534 4682 sunt
1551 4645 1619 4697 quae

220 4715 286 4764 Hoc.
300 4716 340 4765 111
359 4719 383 4780 4,
397 4720 428 4767 21
448 4719 510 4769 inde
529 4735 545 4768 a
562 4720 651 4770 verbis
670 4716 738 4769 ‘caro
758 4716 837 4770 enim'
857 4720 993 4786 usquead
1012 4716 1105 4772 ‘cadat'
1125 4721 1257 4788 leguntur.
