3542 5059
220 209 280 276 158

217 401 313 467 valde
334 401 469 466 dubium
490 424 560 466 esse
581 401 673 484 dixit,
697 424 773 466 num
794 423 829 466 re
849 424 928 466 vera
944 400 1062 486 Apulei
1077 403 1249 488 vestigium
1269 405 1302 468 in
1323 402 1519 467 carminibus
1534 403 1620 468 illius

217 516 352 573 extaret.
397 529 503 592 neque
518 529 596 570 vero
617 527 676 591 ego
692 506 914 570 demonstrare
930 528 1062 592 possum
1076 506 1251 593 Apuleium
1270 530 1290 571 a
1305 507 1482 573 Claudiano
1499 507 1620 572 lectum

217 635 297 676 esse.
322 620 472 697 quattuor
486 621 594 676 tamen
609 611 695 676 locos
712 610 840 676 adferre
855 633 995 696 possum,
1012 614 1067 697 qui
1081 611 1159 676 mihi
1174 611 1216 676 ad
1232 611 1316 677 hano
1331 635 1400 679 rem
1415 612 1619 698 probandam

216 716 311 804 paulo
327 719 464 801 aptiores
485 738 582 801 quam
602 719 623 780 ii
644 738 723 801 quos
738 717 808 780 Birt
827 716 942 782 adtulit
960 739 1031 781 esse
1051 716 1211 781 videntur.
1243 740 1323 802 quos
1342 720 1407 782 iam
1426 741 1618 804 proponam:

269 911 362 961 Claud.
375 911 415 960 111
435 912 481 960 131
501 911 585 961 ferale
604 948 650 960 ...
669 927 796 962 murmur.
994 911 1058 961 Met.
1071 911 1097 960 11
1119 914 1128 960 l
1150 912 1227 962 ferali
1246 928 1380 963 murmura
1398 913 1445 980 (cf.
1458 914 1538 979 Verg.
1550 912 1618 963 Aen.

941 999 995 1047 IIII
1012 1000 1063 1047 462
1081 999 1160 1050 ferali
1177 1000 1302 1063 carmine,
1321 998 1368 1051 Sil.
1381 1001 1440 1050 Ital.
1452 1001 1476 1050 V
1489 1003 1540 1050 223
1557 1001 1619 1050 leti·

941 1085 1028 1135 ferum
1047 1084 1185 1152 murmur).

269 1172 361 1224 Claud.
373 1173 478 1223 XXVII
492 1175 522 1221 19
541 1187 620 1237 quam
633 1172 734 1224 laetum
747 1177 806 1238 post
818 1172 890 1223 bella
994 1174 1058 1224 Met.
1072 1173 1144 1223 vlo
1171 1190 1289 1224 summus
1315 1174 1409 1224 aether
1435 1190 1495 1224 oum
1518 1174 1618 1240 gaudio

216 1262 307 1312 Iovem
325 1267 478 1326 susceperat
496 1260 595 1311 aether.
941 1263 1059 1325 suscepit
1076 1259 1162 1310 deam.

268 1348 353 1398 Carm.
369 1350 431 1398 min.
444 1347 523 1397 XXII
535 1349 569 1396 43
587 1362 638 1408 me,
657 1363 757 1412 precor,
775 1347 827 1398 heu
846 1363 889 1396 me
994 1347 1057 1397 Met.
1070 1348 1143 1396 xla
1170 1347 1251 1397 redde
1277 1363 1320 1398 me
1346 1364 1405 1399 meo
1428 1350 1512 1399 Lusio
1539 1349 1618 1416 (haee

216 1437 297 1487 redde
314 1436 388 1485 mihi.
942 1435 1042 1484 Lucius
1059 1436 1117 1499 ipse
1135 1434 1219 1499 dicit).

268 1524 353 1574 Carm.
365 1524 428 1572 min.
438 1522 515 1571 XXX
528 1523 578 1572 223
591 1521 711 1588 supplice
723 1523 794 1571 crine
808 1521 891 1570 verris
995 1521 1059 1572 Met.
1073 1522 1111 1572 Vl
1124 1523 1140 1571 2
1152 1522 1261 1572 humum
1274 1537 1384 1573 verrens
1399 1523 1517 1573 crinibus
1529 1522 1618 1588 suis.¹)

216 1612 326 1661 humum
345 1609 389 1677 (cf.
408 1607 516 1674 11146).

319 1785 500 1870 Tamquam
520 1783 696 1848 clausulam
714 1782 789 1846 huie
809 1784 906 1868 capiti
926 1783 1065 1872 adiciam
1080 1784 1306 1849 brevissimam
1322 1785 1363 1849 de
1379 1785 1492 1851 Servio
1512 1808 1616 1871 gram·

215 1892 332 1954 matico
356 1888 668 1974 disputatiunculam.
694 1890 810 1952 etenim
826 1888 1014 1974 Weymann
1037 1911 1068 1974 p.
1086 1889 1149 1952 386
1176 1898 1242 1953 tres
1264 1889 1493 1976 Porphyrionis
1512 1913 1618 1975 gram-

216 1996 323 2060 matici
345 1993 432 2058 locos
456 1994 580 2078 adtulit,
608 1995 662 2079 qui
690 2015 764 2058 cum
787 1992 981 2078 quibusdam
1004 1992 1193 2079 Apuleianis
1221 1993 1459 2060 similitudinem
1486 1995 1617 2060 habent.

217 2122 338 2186 quare
362 2111 525 2185 permotus
548 2121 628 2181 sum,
652 2108 688 2163 ut
710 2100 915 2183 inquirerem,
938 2121 1016 2163 num
1039 2099 1127 2184 apud
1150 2098 1248 2164 alium
1270 2099 1433 2184 quendam
1455 2123 1617 2185 gramma-

217 2207 314 2268 ticum
334 2207 470 2289 vestigia
491 2203 635 2268 lectionis
652 2203 769 2289 Apulei
792 2202 1038 2288 deprehendere
1061 2226 1198 2290 possem.
1245 2213 1373 2268 etcum
1396 2207 1619 2291 cognovissem

218 2309 366 2375 Servium
389 2308 574 2373 adhibuisse
595 2307 712 2393 Apulei
731 2308 833 2372 verba
856 2308 906 2372 bis
929 2307 985 2394 (ad
1001 2307 1084 2373 Aen.
1102 2309 1184 2373 VIII
1199 2307 1263 2372 275
1286 2318 1318 2372 et
1337 2309 1456 2395 Georg.
1472 2310 1506 2373 Π
1531 2309 1618 2396 126),

215 2414 273 2478 sed
306 2413 525 2478 tantummodo
556 2413 672 2477 librum
703 2415 756 2498 qui
788 2412 828 2477 de
863 2412 1015 2496 dogmate
1045 2414 1187 2478 Platonis
1221 2412 1406 2478 inscribitur
1435 2424 1468 2477 et
1500 2413 1619 2479 librum

215 2540 301 2583 nunc
326 2517 528 2603 deperditum
551 2518 591 2581 de
614 2517 793 2598 arboribus,
817 2517 894 2582 mihi
916 2521 950 2582 in
973 2528 1114 2583 mentem
1135 2522 1225 2584 venit
1246 2519 1344 2584 fuisse
1367 2519 1534 2605 quosdam,
1563 2523 1619 2605 qui

215 2623 517 2709 Metamorphoseon
537 2621 634 2686 libros
654 2625 849 2706 ignorarent,
872 2633 996 2687 ceteros
1012 2647 1090 2688 vero
1110 2624 1152 2689 ab
1168 2624 1306 2710 Apuleio
1327 2627 1517 2711 compositos
1532 2623 1619 2688 bene

215 2730 379 2793 novissent
396 2727 456 2813 (cf.
474 2728 659 2814 Weymann
682 2726 818 2813 11316).
858 2751 972 2792 verum
993 2729 1105 2794 Servio
1126 2729 1220 2794 Lucii
1242 2728 1405 2793 historiam
1425 2729 1514 2793 haud
1533 2731 1620 2814 igno-

215 2843 280 2897 tam
303 2833 402 2897 fuisse
426 2833 653 2918 comprobatur
674 2832 752 2896 locis
774 2833 904 2919 aliquot,
932 2834 1048 2919 quibus
1072 2837 1280 2918 grammatico
1307 2834 1352 2898 illi
1375 2834 1477 2898 verba
1500 2832 1619 2919 Apulei

216 2938 390 3003 obversata
414 2960 483 3002 esse
507 2937 654 3021 arbitror,
677 2937 791 3002 veluti:

268 3131 340 3180 Serv.
354 3130 387 3180 ad
400 3130 458 3180 Eoi.
472 3131 510 3180 VI
532 3132 561 3179 13
581 3132 691 3196 crapula
709 3131 869 3183 madentem.
993 3134 1055 3183 Met.
1069 3134 1109 3182 III
1130 3135 1162 3182 18
1180 3133 1289 3198 crapula
1308 3132 1426 3187 madens.

268 3217 505 3283 adGeorg.1437
525 3225 631 3284 recepto
650 3220 754 3284 spiritu.
993 3223 1056 3271 Met.
1071 3221 1123 3271 VII
1143 3222 1155 3269 1
1176 3225 1282 3285 recepto
1301 3220 1403 3285 spiritu.

267 3306 303 3355 ib.
315 3305 356 3353 III
374 3306 425 3356 407
453 3311 604 3370 captantem
628 3308 712 3356 noctis
735 3309 887 3371 opportuni·
993 3310 1056 3357 Met.
1068 3308 1146 3357 VIIII
1157 3310 1189 3355 20
1203 3312 1309 3371 captata
1321 3307 1406 3355 noctis
1419 3306 1619 3369 opportunitate

216 3398 307 3443 tatem.
942 3396 986 3461 (cf.
1005 3396 1099 3460 Veget.
1118 3395 1189 3459 Epit.
1208 3394 1262 3443 Illl
1290 3395 1322 3442 26
1359 3394 1443 3441 noctis
1478 3393 1619 3441 occasione

942 3480 1069 3547 captata).

267 3567 302 3616 ad
319 3567 386 3618 Aen.
399 3568 412 3616 1
429 3569 481 3618 495
499 3568 606 3635 singula
624 3571 742 3620 miratur.
996 3569 1060 3618 Met.
1073 3569 1124 3617 112
1144 3569 1256 3617 miratur
1269 3565 1378 3632 singula
1396 3566 1440 3632 (cf.
1454 3566 1480 3615 11
1493 3567 1526 3615 26
1539 3567 1618 3614 rima-

943 3657 991 3707 bar
1008 3656 1050 3720 a).

269 3743 303 3792 ib.
318 3743 356 3792 VI
375 3744 425 3792 264
443 3743 589 3794 inferorum
609 3781 654 3793 ...
674 3744 789 3793 silentia.
994 3743 1057 3791 Met.
1071 3742 1110 3790 XI
1128 3746 1144 3791 5
1163 3743 1308 3792 inferorum
1327 3779 1373 3791 ...
1392 3741 1509 3791 silentia.

268 3831 304 3879 ib.
318 3830 371 3879 XII
389 3832 439 3880 867
460 3847 523 3880 suco
541 3833 629 3880 noxio.
996 3830 1059 3880 Met.
1073 3831 1098 3878 X
1117 3832 1150 3879 33
1169 3846 1233 3880 suco
1251 3830 1339 3879 noxio.

320 4022 341 4089 ¹)
360 4024 469 4074 humum
488 4025 606 4074 crinibus
619 4039 724 4075 verrere
743 4041 758 4074 a
776 4024 852 4074 nullo
870 4023 932 4083 alio,
951 4024 1021 4088 quod
1040 4040 1089 4089 ego
1102 4025 1209 4089 quidem
1228 4025 1291 4084 scio,
1309 4023 1409 4073 dictum
1428 4028 1476 4081 est,
1494 4021 1541 4071 aed
1559 4036 1618 4071 aras

215 4112 258 4160 vel
278 4113 377 4176 templa
396 4113 514 4162 crinibus
532 4128 652 4175 verrere,
676 4113 707 4161 cf.
725 4113 784 4161 Liv.
801 4113 843 4160 III
862 4114 876 4161 7
896 4119 971 4174 extr,
990 4112 1079 4162 XXVI
1098 4115 1121 4171 9,
1139 4114 1163 4172 7,
1181 4112 1229 4160 Sil.
1242 4111 1303 4160 Ital.
1317 4111 1354 4161 VI
1372 4112 1431 4170 660,
1450 4110 1515 4159 Stat.
1533 4109 1616 4157 Theb.

215 4200 294 4248 VIIII
312 4202 370 4262 638,
390 4199 482 4249 Claud.
495 4200 576 4248 Mam.
590 4199 713 4249 Genethl.
733 4202 773 4260 10,
791 4201 806 4248 6
826 4198 902 4264 (Pan.
918 4200 976 4248 Lat.
991 4217 1015 4263 p.
1031 4201 1079 4248 110
1089 4198 1132 4264 B).
1169 4204 1308 4263 praeterea
1325 4198 1397 4263 apud
1409 4197 1535 4246 Ovidium
1553 4195 1615 4243 Met

215 4287 280 4337 XIII
298 4290 349 4337 960
367 4287 433 4337 haec
451 4287 577 4352 leguntur
595 4283 800 4350 ‘caesariemque
819 4302 915 4348 meam,
934 4303 1013 4352 quam
1032 4287 1113 4351 longa
1131 4301 1178 4351 per
1196 4301 1314 4350 aequora
1332 4281 1425 4334 verro'.
