3542 5059
1509 193 1547 259 17

252 386 404 472 Sequitur
427 396 461 451 ut
492 408 545 450 eos
569 385 715 451 adferam
737 386 833 467 locos,
867 386 985 473 quihus
1011 385 1067 453 καί
1090 386 1330 472 pronominibus
1354 376 1549 453 demonstrass

149 493 222 555 tivis
253 491 306 555 vel
337 491 478 556 relativis
509 490 671 557 adiectum
702 501 749 556 est
778 494 833 576 ita,
864 501 900 556 ut
928 488 984 557 καί
1013 492 1066 555 vel
1093 491 1202 555 addito
1230 490 1283 555 vel
1310 494 1426 557 omisso
1453 496 1549 558 totius

150 597 305 660 enuntiati
326 598 407 660 ratio
430 618 493 660 non
517 596 710 660 immutetur.
747 617 943 681 quamquam
966 595 1124 660 nonnullis
1143 594 1221 659 locis
1238 596 1302 659 huc
1317 598 1549 682 pertinentibus

149 702 219 786 quis
239 702 425 765 existimare
447 702 546 786 possit
561 700 738 787 particulae
754 698 809 766 καί
823 702 890 765 vim
905 702 1070 783 maiorem)
1094 722 1177 785 quae
1194 709 1300 765 nostro
1314 696 1419 782 ί66611,
1444 696 1552 788 sogar'·

149 804 356 891 respondeat,
379 807 495 889 inesse,
520 805 605 891 quod
629 804 777 889 equidem
801 805 870 869 loco
887 804 984 869 Ther.
1006 803 1067 867 627
1091 802 1227 891 κονίλην,
1249 807 1288 891 lp
1308 828 1344 871 τε
1370 804 1425 871 καί
1447 799 1549 893 Ἡρά-

148 910 255 975 κλειον
278 908 424 995 ὀρίγανον
447 908 546 997 ἀμφὶς
569 905 685 975 &brocca
702 932 775 973 cum
790 909 842 974 Al.
858 910 900 972 47
917 910 1050 995 χλοεροῦ
1064 907 1227 995 πρασίοιο,
1252 912 1289 974 τὸ
1306 910 1344 996 dr)
1357 908 1551 998 pslipvtlor

150 1015 258 1080 066061
281 1014 395 1079 6611616
423 1037 487 1079 666
513 1014 658 1099 probem.
705 1014 763 1078 sed
793 1016 858 1078 iam
885 1013 1010 1099 singrda
1036 1015 1251 1099 inspiciamus.
1297 1024 1394 1099 atque
1421 1015 1550 1080 demon·

153 1120 290 1183 strativis
317 1118 366 1182 his
393 1118 471 1183 locis
497 1116 553 1185 καί
582 1119 730 1183 additum
755 1120 931 1184 invenitur:
959 1118 1056 1183 Ther.
1076 1118 1136 1180 161
1159 1116 1180 1206 ἢ
1202 1116 1266 1200 καί,
1295 1117 1358 1182 235
1380 1128 1435 1206 τῆς
1455 1114 1549 1206 καί,1)

152 1224 214 1287 542
236 1232 292 1310 τῆς
313 1221 407 1310 uulf)
438 1223 501 1287 765
523 1231 581 1288 τοῦ
606 1220 661 1289 aot
689 1222 744 1309 (cf.
766 1222 863 1287 Ther.
882 1220 969 1308 161),
994 1222 1104 1287 11187
1130 1230 1175 1309 τῷ
1197 1219 1292 1308 καί,3)
1322 1222 1386 1286 209
1407 1234 1465 1289 τοῦ
1485 1223 1550 1307 aori,

150 1328 214 1393 255
235 1338 293 1393 τοῦ
315 1326 379 1411 καί,
406 1327 469 1391 291
498 1338 547 1415 τῷ
572 1325 680 1414 καί;4)
712 1327 828 1413 quibus
855 1326 934 1391 locis
962 1326 1099 1412 simplex
1126 1323 1182 1392 καί
1209 1326 1469 1392 demonstrativis
1496 1328 1550 1393 ad-

148 1413 269 1497 iectum
308 1431 465 1515 videmus,
508 1433 590 1496 sicut
631 1432 794 1517 plerisque
829 1432 907 1495 locis
944 1430 1186 1517 pronominibus
1224 1430 1481 1496 demonstrativis
1516 1432 1552 1499 δέ

148 1536 304 1602 fulciendi
328 1559 426 1601 causa
448 1536 587 1602 additur.
634 1536 720 1601 adde
743 1536 842 1600 Ther.
861 1535 923 1600 743
950 1544 1008 1600 τοῦ
1030 1536 1065 1601 δὲ
1087 1533 1180 1621 suist)
1203 1535 1255 1599 Al.
1274 1534 1335 1599 347
1358 1544 1404 1623 τῷ
1428 1537 1464 1603 δὲ
1485 1536 1551 1622 καί,

147 1641 247 1706 Ther.
266 1640 326 1704 791
351 1650 415 1706 τῶν
438 1642 476 1728 dr)
498 1639 564 1725 καί,
588 1639 649 1704 801
674 1630 724 1720 οἷς
746 1641 784 1728 δὴ
804 1638 869 1723 καί,
893 1639 1003 1704 14143
1026 1648 1071 1727 τῷ
1093 1638 1149 1705 καί
1169 1662 1244 1723 που,
1271 1638 1335 1703 344
1357 1638 1376 1728 ἣ
1399 1639 1455 1707 xci
1475 1665 1551 1720 nov,

152 1745 201 1811 Al.
220 1744 285 1808 224
299 1749 356 1810 τὸν
370 1743 536 1831 11161616)
570 1755 739 1831 praeterea
755 1746 891 1809 fortasse
907 1744 970 1808 huc
985 1744 1099 1808 referri
1114 1753 1248 1829 possunt
1261 1743 1358 1809 Ther.
1374 1744 1435 1809 loci
1450 1746 1514 1810 483
1525 1746 1551 1834 7)

154 1850 280 1933 61599,
308 1846 534 1936 6616661136
557 1848 612 1915 aui
637 1850 762 1935 legitur.
801 1851 989 1935 pronomina
1012 1858 1120 1913 autem
1142 1847 1276 1913 relativa
1299 1872 1373 1914 cum
1395 1850 1552 1935 particula

152 1954 205 2021 καί
229 1956 412 2019 6666661616
433 1956 487 2037 116,
514 1964 551 2019 61
577 1962 714 2040 excepto
741 1955 810 2019 loco
833 1954 930 2019 Ther.
948 1952 1010 2017 858
1035 1952 1067 2040 (1)
1089 1950 1157 2039 και)
1167 1951 1193 2039 8)
1222 1954 1260 2033 Ιὅς
1285 1978 1321 2019 τε
1346 1952 1402 2020 καί
1411 1953 1436 2040 ⁹)
1463 1977 1552 2019 usur·

150 2071 254 2146 petur,
271 2067 383 2124 extant
394 2060 443 2123 his
455 2059 547 2123 locis:
564 2058 660 2123 Ther.
675 2059 726 2142 76,
740 2058 813 2142 552,
826 2055 945 2143 56810)
961 2057 1035 2136 627,
1052 2057 1125 2141 807,
1142 2056 1216 2141 813,
1232 2057 1305 2129 819,
1321 2057 1374 2123 Al.
1390 2058 1461 2143 172,
1478 2059 1551 2125 613.

256 2166 370 2229 Restat
391 2173 427 2228 ut
450 2163 489 2227 de
512 2163 589 2227 locis
612 2163 771 2228 nonnullis
800 2185 904 2248 pauca
927 2162 1059 2245 addam‚'
1079 2161 1194 2247 quihus
1217 2164 1318 2227 rarior
1340 2163 1472 2248 quidam
1498 2164 1553 2228 ad-

150 2268 303 2334 verbialis
333 2267 389 2334 καί
418 2291 496 2332 6666
520 2270 722 2353 conspicitur.
762 2290 800 2331 ac
824 2270 962 2353 primum
984 2266 1204 2331 adnotandum
1227 2266 1355 2332 videtur
1374 2268 1471 2334 Ther.
1488 2268 1553 2332 322

150 2373 207 2440 καὶ
230 2372 266 2439 δέ
289 2373 352 2459 legi
381 2371 449 2460 (καί
474 2377 596 2458 κεράων
624 2367 654 2438 δ’
677 2367 801 2460 ἔμπλην
824 2370 922 2456 δέμας
944 2368 1111 2457 ἄμμορον),
1142 2393 1222 2455 quas
1251 2372 1434 2455 particulas,
1464 2372 1553 2458 apud

150 2480 331 2543 Homerum
353 2480 460 2542 statim
482 2480 565 2542 inter
587 2500 622 2541 se
646 2478 855 2562 excipientes,
884 2499 904 2539 a
925 2475 1156 2539 recentioribus
1183 2478 1282 2561 epicis
1309 2499 1372 2540 non
1394 2500 1468 2542 raro
1491 2477 1552 2541 dis-

151 2586 242 2668 iungi
277 2582 456 2649 Schneider
484 2582 640 2667 exemplis
673 2580 715 2645 ad
743 2581 828 2645 huno
854 2581 960 2644 locum
991 2579 1130 2643 collectis
1160 2579 1276 2644 docuit.
1322 2579 1440 2645 deinde
1470 2605 1553 2646 com-

150 2687 379 2753 memorandus
404 2696 452 2750 est
473 2686 563 2750 locus
579 2686 676 2750 Ther.
698 2683 798 2773 367J9
821 2680 892 2750 ἀλλ’
915 2685 991 2750 ὅταν
1011 2685 1097 2767 ὕδωρ
1120 2682 1238 2770 σείριος
1260 2687 1400 2774 αὐήνῃσι,
1418 2736 1424 2749 .
1443 2737 1475 2751 ..
1499 2685 1553 2752 καὶ

150 2786 228 2859 τόθ’
251 2787 299 2875 ὅγ’
322 2792 357 2855 ἐν
378 2790 480 2877 χέρσῳ
503 2790 641 2870 τελέθει,
671 2813 733 2875 quo
761 2799 856 2875 poeta
878 2790 1013 2853 Homeri
1039 2790 1195 2853 rationem
1218 2791 1356 2854 imitatus
1378 2788 1433 2856 καί
1456 2814 1552 2855 enun-

149 2900 228 2962 tiato
251 2898 403 2983 primario
426 2894 642 2980 praecedente
667 2894 857 2958 secundario
880 2893 1083 2979 praefixit.¹¹)
1121 2916 1226 2978 neque
1249 2896 1270 2957 ii
1294 2894 1457 2959 omittendi
1480 2905 1554 2960 sunt

149 3002 224 3084 loci,
252 3001 369 3087 quibus
396 2998 450 3065 καί
478 3023 551 3065 cum
581 3001 803 3064 coniunctione
827 2998 1038 3063 condicionali
1070 3000 1274 3063 coniunctum
1303 3001 1336 3063 vi
1366 3002 1554 3065 concessiva

260 3279 280 3346 ¹)
300 3281 332 3331 cf.
352 3285 380 3331 A
398 3282 456 3330 249.

258 3366 280 3433 ²)
299 3384 351 3432 quo
369 3373 459 3417 tamen
478 3367 536 3417 loco
554 3367 575 3417 Ι.
595 3366 625 3416 G.
646 3371 673 3416 61
692 3366 722 3416 Ο.
737 3366 883 3417 Schneider
901 3371 929 3415 et
946 3365 1031 3415 Lehrs
1049 3366 1191 3416 relativum
1210 3382 1268 3416 6666
1286 3370 1403 3417 statuere
1420 3367 1553 3417 videntur.

258 3453 280 3522 ⁸)
299 3456 349 3505 hoc
367 3455 408 3504 Al.
427 3455 486 3504 loco
504 3459 584 3519 atque
603 3457 645 3514 43,
665 3455 724 3517 209,
743 3455 803 3515 224,
822 3455 872 3503 347
896 3452 977 3517 longa
999 3453 1043 3503 vel
1066 3459 1188 3503 notarum
1213 3455 1297 3504 morbi
1318 3468 1352 3503 ex
1370 3469 1473 3504 veneno
1491 3471 1554 3505 con·

149 3546 232 3595 tracti
251 3542 295 3593 vel
313 3542 489 3593 remediorum
508 3543 591 3591 series
610 3557 626 3590 a
643 3541 857 3591 demonstrativis
876 3541 979 3605 incipit.

258 3628 280 3695 ⁴)
299 3646 351 3694 quo
369 3629 427 3679 loco
446 3628 557 3679 fortasse
575 3632 625 3677 καί
640 3644 699 3677 cum
718 3633 846 3692 sequente
865 3628 915 3693 πέρ
935 3627 1150 3692 coniungendum
1169 3632 1215 3676 661.

259 3715 501 3781 ὅ)116616661666
523 3716 602 3765 Ther.
616 3717 675 3776 280,
693 3717 752 3775 432,
770 3715 811 3765 Al.
826 3717 868 3778 38,
891 3716 929 3764 ita
952 3720 982 3763 ut
1004 3715 1042 3763 eis
1065 3715 1139 3775 locis,
1162 3715 1194 3764 de
1213 3716 1309 3779 quihus
1327 3717 1438 3781 agimus,
1461 3718 1510 3767 καί
1525 3717 1554 3765 16

150 3806 242 3855 locum
267 3803 414 3869 particulae
436 3802 467 3852 τέ
493 3804 649 3852 successisse
672 3808 804 3866 somatum
831 3801 864 3851 cf.
884 3801 973 3851 Christ
994 3818 1019 3865 p.
1038 3804 1081 3865 43,
1109 3804 1155 3866 qui
1179 3802 1250 3852 locos
1278 3803 1434 3852 Homericos
1452 3808 1485 3853 H
1495 3806 1556 3866 214,

155 3896 253 3953 9440,
274 3895 299 3939 Β
311 3893 361 3940 336
380 3890 474 3940 adfert.

259 3976 281 4045 ⁶)
301 3994 414 4042 quocum
433 3977 515 4027 simili
533 3976 609 4026 modo
633 3977 780 4041 comparari
804 3982 913 4041 possunt
936 3993 978 4025 vv.
998 3977 1076 4027 Ther.
1089 3977 1150 4037 448,
1163 3977 1223 4040 484,
1237 3978 1295 4040 717,
1314 3976 1555 4041 1136111166,

150 4072 213 4133 162,
230 4069 288 4126 195,
303 4067 363 4127 298,
376 4067 435 4124 319,
448 4066 507 4115 498.

260 4151 282 4217 ⁷)
302 4167 462 4217 quamquam
482 4152 607 4201 hocloco
626 4153 674 4199 καί
690 4150 723 4199 ad
742 4149 792 4216 πέρ
811 4152 945 4215 pertinere
962 4152 1020 4201 veri
1038 4151 1126 4201 simile
1144 4151 1262 4214 videtur3
1281 4150 1314 4199 61.
1332 4149 1375 4199 Al.
1393 4151 1453 4202 231,

260 4239 283 4305 ⁸)
302 4256 354 4304 quo
373 4238 432 4289 loco
451 4241 499 4289 καί
519 4240 584 4288 item
608 4255 655 4304 pro
679 4238 775 4287 vocula
798 4239 828 4288 τέ
849 4239 937 4302 accipi
954 4244 1048 4303 potest,
1071 4245 1101 4288 ut
1120 4238 1149 4293 ὃς
1166 4239 1301 4288 aolidem
1322 4238 1357 4287 sit
1375 4237 1445 4301 quod
1464 4237 1494 4293 ὃς
1511 4252 1556 4301 τε,

149 4330 184 4379 cf.
206 4328 298 4379 Christ
316 4344 340 4391 p.
361 4328 402 4386 60,
421 4327 468 4390 qui
486 4327 550 4376 citat
568 4326 616 4375 hos
634 4326 718 4375 locos:
737 4328 763 4375 B
781 4326 841 4388 827,
860 4326 920 4387 866,
939 4326 989 4374 872
1007 4326 1042 4374 al.

262 4410 454 4478 ο)61.Ξ345.

250 4499 283 4565 ¹⁰)
302 4500 429 4549 hocloco
449 4503 476 4548 ot
494 4499 571 4549 Ther.
590 4501 686 4549 807-
707 4500 739 4547 de
758 4500 853 4549 ceteris
871 4499 977 4563 generis
997 4499 1103 4549 relativi
1122 4499 1187 4549 16616
1206 4515 1270 4549 sane
1288 4499 1405 4549 dubitari
1424 4503 1511 4563 potest
1522 4522 1556 4535 —·

148 4594 203 4643 καί
220 4588 296 4638 66116
314 4592 392 4652 pacto
412 4588 466 4635 vim
486 4586 628 4647 fortiorem,
648 4592 677 4636 ut
696 4592 784 4637 nostro
803 4583 890 4650 ‘airch,
909 4583 994 4651 sogar‘
1013 4588 1179 4653 respondeat,
1197 4588 1295 4637 habore
1314 4591 1409 4651 potest.

251 4673 284 4741 11)
303 4676 336 4724 cf.
356 4673 370 4732 ζ
388 4676 447 4735 297,
467 4692 476 4723 ι
495 4675 554 4737 260,
572 4691 587 4723 κ
607 4676 665 4735 144,
684 4677 743 4739 346,
763 4691 778 4723 τ
797 4675 856 4735 251,
875 4676 972 4738 quibus
991 4673 1056 4724 locis
1075 4677 1199 4725 omnibus
1217 4676 1262 4725 καὶ
1279 4674 1341 4725 τότε
1360 4673 1458 4737 legitur

208 4765 613 4819 066661166661116171616671.
666 4786 667 4791 =
1384 4763 1399 4808 2
