3542 5059
1504 170 1562 235 127

160 390 191 452 p.
218 365 289 428 122
310 368 454 451 exposui.
497 365 625 453 Aspri¹)
655 367 688 428 in
718 362 845 430 scholiis
874 375 924 428 ter
953 357 1071 429 mentio
1102 363 1151 428 fit:
1196 363 1260 428 Ad.
1276 364 1327 430 III
1360 363 1391 447 2,
1408 363 1450 429 25
1472 356 1563 451 ‘quid

160 472 303 552 festinas,
332 473 375 536 mi
403 469 509 535 Geta?
554 470 679 534 Probus
711 469 861 554 adsignat
891 468 952 532 hoo
983 468 1156 553 Sostratae,
1191 467 1299 554 Asper
1328 492 1392 533 non
1421 469 1491 551 ¹uult
1519 467 1562 532 ad

162 577 268 639 omnia
290 573 453 660 servum2)
477 574 682 659 respondere,
712 573 769 638 sed
793 575 951 638 nutricem
973 582 1064 658 putat
1086 574 1147 637 hoc
1169 569 1275 659 loqui',
1299 573 1362 637 Ad.
1379 573 1447 638 HII
1470 573 1500 656 2,
1521 573 1564 637 20

161 673 257 761 bem,
280 678 355 743 vide
378 689 413 742 ut
436 677 565 743 discidit
586 678 726 742 labrum:
759 679 866 764 Asper
889 678 1029 743 mediam
1051 678 1181 764 longam
1203 701 1223 741 a
1246 678 1412 743 caedendo
1436 680 1563 763 accipit,

162 806 222 869 ego
244 784 385 848 mediam
409 783 542 847 brevem
565 807 585 847 a
608 779 805 866 scindendo',
828 784 990 848 PhormI
1014 783 1043 862 2,
1062 783 1104 846 24
1126 776 1268 847 ‘memini
1282 783 1418 868 relinqui
1434 806 1486 847 me
1502 782 1563 847 deo

161 891 241 953 irato
270 911 355 952 mco:
387 891 432 952 sie
456 888 617 972 Vergilius
644 889 740 970 (Aen.
757 889 823 953 XII
848 888 940 973 539>2
970 911 1026 950 aco
1054 887 1222 975 ditescere
1253 886 1434 972 Cupencum
1456 886 1564 950 Aeaea

161 993 303 1056 occiente
329 993 392 1055 aur'.
439 993 499 1057 hoo
523 994 638 1078 Asper.
685 993 743 1057 scd
773 993 850 1057 mihi
877 993 1007 1057 videtur
1036 992 1079 1056 ad
1109 993 1170 1056 hoc
1200 992 1364 1056 addidisse
1387 985 1491 1076 ‘meo',
1522 1014 1563 1056 ne

162 1109 247 1162 esset
273 1096 457 1186 ἀμφίβολον
485 1100 536 1162 cui
564 1098 687 1162 diceret
714 1101 793 1163 irato
823 1093 905 1162 deo'.
951 1099 1089 1182 primum
1112 1107 1144 1161 et
1165 1099 1293 1161 tertium
1316 1097 1472 1161 scholium
1496 1099 1564 1161 sine

163 1202 261 1267 dubio
290 1226 332 1267 ex
360 1205 587 1267 commentario
614 1206 648 1267 in
671 1205 858 1268 Terentium
887 1202 1058 1288 desumpta
1081 1211 1163 1266 sunt.
1210 1213 1242 1266 et
1265 1225 1338 1266 oum
1360 1203 1458 1287 Aspri
1481 1225 1564 1266 oom-

162 1311 310 1372 mentarii
333 1311 367 1372 in
390 1310 577 1374 Terentium
601 1306 726 1374 disertis
750 1308 859 1372 verbis
882 1332 902 1371 a
925 1308 1042 1372 Rufino
1066 1307 1106 1373 G.
1124 1307 1161 1370 L.
1178 1307 1226 1370 VI
1242 1306 1350 1391 555,l
1376 1329 1564 1372 commemo-

163 1412 313 1499 rentur,³)
345 1413 484 1477 dubitari
514 1437 578 1478 non
608 1423 721 1499 potest,
754 1416 831 1499 quin
862 1436 936 1476 cum
967 1412 1137 1496 Schopcno
1166 1434 1198 1496 p.
1216 1410 1267 1493 32,
1299 1415 1350 1475 cui
1376 1433 1486 1476 omnes
1510 1412 1564 1475 ad-

163 1519 352 1600 sentiuntur,
376 1517 583 1582 statuendum
612 1521 651 1581 sit
674 1518 810 1582 alterum
838 1539 966 1602 quoque
990 1516 1143 1581 scholinm
1172 1540 1214 1580 ex
1237 1519 1472 1581 commentariis
1494 1517 1565 1600 illis,

162 1643 226 1685 non
250 1645 292 1684 ex
316 1621 376 1686 alio
399 1623 480 1686 libro
503 1623 545 1686 ab
569 1621 675 1707 Aspre
701 1621 914 1707 conscripto4)
938 1621 1081 1685 fluxisse.

171 1737 174 1742 ’
267 1726 444 1790 Veniamus
467 1727 509 1790 ad
524 1725 707 1812 Probum,5)
732 1729 821 1790 cuius
842 1749 957 1790 nomeu
982 1726 1030 1789 his
1052 1725 1128 1790 locis
1149 1726 1306 1790 adfertur:
1331 1725 1433 1790 Andr.
1451 1726 1482 1789 V
1498 1725 1565 1809 3,4

164 1822 315 1917 (quaerit
337 1831 461 1895 Probus
478 1823 552 1896 ‘ain’
573 1854 655 1917 quae
678 1854 754 1916 pars
778 1834 928 1895 orationis
951 1833 991 1894 sit
1015 1841 1109 1895 etan
1131 1854 1195 1894 una
1218 1834 1267 1895 sit.
1313 1841 1361 1895 est
1383 1840 1490 1894 autem
1513 1832 1566 1894 ain

165 1938 256 2020 quasi
278 1932 402 2022 aisne'),
426 1936 543 2000 Eunl
569 1937 629 2018 1,1
657 1929 731 2000 ‘non
756 1959 836 2018 eam,
860 1936 986 2000 Probus
1010 1935 1183 2021 distinguit,
1207 1938 1343 2020 iungunt
1366 1938 1419 2020 qui
1435 1936 1566 1999 Menan·

165 2039 214 2103 dri
238 2041 423 2126 exemplum
446 2036 591 2127 legunt'),
616 2040 678 2105 Ad.
695 2041 746 2106 III
768 2040 798 2122 2,
816 2041 857 2104 25
881 2033 984 2126 (quid
1006 2041 1147 2124 festinas,
1171 2043 1215 2104 mi
1235 2041 1341 2105 Geta?
1364 2040 1489 2104 Probus
1505 2039 1567 2102 hoc

164 2147 306 2229 assignat
333 2139 530 2232 Sostratae'),
561 2147 641 2210 Hee.
665 2145 679 2209 I
702 2145 780 2231 prol.
802 2145 822 2207 2
854 2137 1043 2231 (calamitas
1070 2151 1159 2228 παρὰ
1185 2150 1243 2233 τὴν
1269 2146 1411 2232 καλάμην
1439 2145 1565 2220 dicitur,

165 2248 284 2329 clades
308 2252 383 2335 quia
406 2250 571 2333 clamatur,
594 2260 630 2314 ut
652 2249 739 2315 aliud
762 2251 802 2314 sit
816 2250 983 2335 grandinis
1007 2248 1147 2314 culmum
1170 2251 1358 2335 frangentis,
1381 2249 1469 2313 aliud
1491 2249 1567 2313 furti

165 2362 221 2417 aut
241 2352 304 2418 doli
324 2356 409 2421 mali.
455 2359 500 2420 sic
515 2354 677 2442 Probus'),
698 2355 827 2419 Phorm.
844 2355 860 2419 I
883 2357 911 2438 l,
930 2355 970 2418 15
991 2347 1132 2440 (legitur
1153 2354 1240 2439 apud
1255 2354 1435 2418 Varronem
1450 2355 1568 2417 initiari

165 2480 282 2543 pueros
312 2460 449 2525 Eduliae
478 2471 509 2525 ot
536 2462 667 2525 Poticae
696 2470 728 2524 et
751 2459 872 2543 Oubae,
902 2460 984 2524 divis
1012 2459 1129 2524 edendi
1153 2469 1184 2523 et
1206 2459 1338 2543 potandi
1361 2469 1393 2523 et
1415 2458 1567 2540 cubandi,

166 2562 223 2626 ubi
249 2567 387 2649 primum
414 2589 433 2629 a
459 2566 542 2631 lacte
571 2576 603 2630 et
631 2590 650 2630 a
678 2568 768 2630 cunis
795 2567 1011 2645 transierunt,
1031 2564 1117 2650 quod
1140 2564 1302 2648 Vergilius
1324 2564 1406 2649 <Eeb
1423 2564 1490 2628 IIII
1513 2563 1568 2648 63>

166 2829 266 2890 rantur,
291 2827 401 2894 collegit
419 2829 606 2894 Umpfenbaoh
631 2832 659 2878 in
684 2829 723 2880 ed.
745 2829 805 2878 Ter.
824 2829 906 2892 praef.
926 2845 951 2894 p.
965 2828 1094 2877 XXXVII
1106 2845 1144 2892 sq.
1172 2827 1253 2878 libres
1280 2828 1377 2891 quibus
1399 2827 1432 2877 de
1456 2825 1568 2891 singulis

167 2914 257 2977 agitur
274 2916 329 2963 suis
347 2915 412 2965 locis
430 2917 582 2967 nominabo.

272 2999 292 3065 ¹)
311 3002 424 3066 Asprum
443 3005 492 3054 sub
510 3004 589 3054 finem
608 3005 717 3054 alterius
736 3011 763 3055 et
781 3006 858 3054 Initio
876 3006 949 3054 tertii
968 3010 1028 3070 post
1040 3003 1101 3054 Chr.
1114 3020 1140 3053 n.
1159 3003 1260 3053 saeculi
1278 3004 1371 3052 statuit
1390 3002 1419 3051 G.
1432 3001 1567 3050 Limmer·

166 3087 221 3136 hirt
239 3087 338 3140 Gomm.
352 3091 417 3154 phiI.
430 3092 534 3143 lenens.
548 3093 602 3142 IIII
621 3095 671 3141 401
686 3110 741 3157 sqq.

271 3173 293 3240 ²)
312 3179 377 3241 quin
395 3179 497 3229 Probus
521 3180 661 3246 Sostratae,
681 3180 766 3246 Asper
789 3182 886 3230 nutrici
910 3181 976 3230 hacc
994 3180 1077 3229 verba
1100 3181 1224 3230 tribuerit
1246 3177 1357 3228 dubium
1376 3193 1429 3226 non
1447 3181 1499 3237 est3
1521 3176 1568 3224 sed

167 3261 232 3324 quid
250 3259 373 3313 ‘servum'
392 3267 443 3315 sibi
461 3267 527 3316 velit
545 3283 597 3316 non
617 3268 754 3333 intellego.
792 3274 963 3332 expectamus
982 3274 1053 3317 certe
1072 3267 1126 3316 tale
1146 3267 1222 3330 qnid:
1246 3266 1330 3330 Asper
1352 3281 1405 3314 non
1424 3263 1483 3313 vult
1501 3262 1567 3312 Can-

167 3349 281 3411 tharam,
300 3367 369 3415 quae
382 3368 486 3403 versum
500 3355 540 3403 XI
556 3356 723 3415 recitaverat,
743 3355 776 3404 ad
790 3373 815 3405 v.
828 3356 970 3404 XXXVIII
988 3359 1120 3404 tacentem
1134 3355 1246 3414 adstare,
1265 3353 1311 3402 sed
1325 3355 1349 3401 ei
1362 3353 1442 3401 etiam
1455 3368 1480 3399 v.
1493 3351 1568 3398 XXV

167 3437 301 3488 adscribit.
338 3455 418 3503 quam
436 3442 540 3490 obrem
559 3437 647 3491 ‘eram‘
661 3459 708 3507 pro
727 3438 850 3491 ‘servum'
866 3441 1010 3506 legendum
1029 3457 1086 3490 esse
1103 3443 1231 3506 suspicor,
1249 3446 1279 3489 ut
1297 3440 1340 3488 hic
1359 3455 1451 3488 sensus
1470 3437 1568 3487 cilicia·

167 3529 223 3573 tur:
241 3524 326 3590 Asper
344 3543 397 3576 nen
416 3528 475 3577 vult
493 3527 638 3578 Sostratam
657 3529 741 3578 solam
761 3545 820 3578 cum
841 3530 909 3579 Geta
927 3529 1052 3593 colloqui.

271 3609 293 3679 ⁸)
312 3615 394 3664 verba
417 3616 473 3664 eius
497 3616 564 3665 haec
587 3622 660 3665 sunt:
680 3613 772 3680 ‘Asper
795 3618 823 3665 in
846 3617 1037 3665 commentario
1061 3616 1180 3664 Terentii
1203 3617 1253 3664 sic:
1276 3616 1355 3664 hosce
1374 3629 1465 3664 versus
1488 3627 1568 3676 agere

168 3701 299 3764 coepisset
317 3701 430 3764 <Phorm
446 3703 473 3751 II
492 3706 553 3763 2,1>
574 3708 600 3753 et
618 3703 743 3768 deinceps
762 3706 808 3768 qui
826 3709 953 3753 secuntur
972 3699 1111 3767 quadrati'.

271 3785 293 3853 ⁴)
312 3790 417 3854 scripsit
436 3791 507 3839 enim
520 3790 604 3854 Asper
623 3797 728 3856 praeter
747 3793 950 3841 commentarios
967 3791 1142 3840 Terentianos
1162 3805 1267 3853 quoque
1280 3790 1450 3853 Vergilianos
1469 3793 1496 3836 et
1512 3786 1569 3836 Sal-

116 3884 119 3890 ·
168 3872 298 3925 lustianos
319 3875 363 3940 (of.
377 3877 571 3942 Hieronymum
590 3879 716 3928 adversus
729 3878 856 3928 Rufinum
875 3880 887 3928 I
908 3881 939 3927 16
953 3884 980 3927 et
992 3878 1142 3927 charisium
1162 3877 1192 3927 G.
1205 3878 1235 3926 L.
1249 3877 1262 3925 Ι
1280 3879 1338 3938 216,
1352 3875 1396 3939 28)
1415 3891 1446 3924 ac
1459 3876 1570 3923 fortasse

168 3957 338 4024 quaestiones
358 3964 527 4030 Vergilianas
549 3968 749 4031 grammaticam
772 3967 834 4015 vide
853 3981 922 4030 quae
945 3966 978 4015 de
996 3967 1046 4015 hac
1065 3979 1093 4013 re
1112 3965 1259 4028 disputavit
1276 3964 1453 4012 Liimmerhirt
1471 3979 1496 4026 p.
1510 3964 1568 4009 325.

272 4047 294 4115 ⁶)
313 4051 333 4100 1.
346 4051 429 4116 Steup
449 4049 490 4102 ‘de
509 4054 602 4104 Probis
620 4051 808 4120 grammaticis'
827 4061 879 4103 tres
899 4054 997 4103 Probos
1016 4052 1167 4101 discernere
1186 4050 1279 4110 voluit,
1303 4052 1338 4099 M.
1351 4050 1489 4099 Valerium
1508 4049 1569 4097 Pro-

168 4133 231 4184 bum
251 4136 399 4201 Berytium,
418 4139 554 4189 Valerium
574 4141 698 4203 Probum,
721 4141 838 4204 deniqne
860 4142 975 4191 Probum
999 4139 1190 4204 artigraphum.
1228 4137 1315 4198 alteri,
1338 4139 1384 4201 qni
1407 4152 1423 4186 a
1445 4134 1570 4185 Martiale

169 4226 196 4269 et
214 4221 302 4273 Gellio
325 4234 552 4288 commemoratur,
576 4230 751 4278 Terentianos
770 4229 992 4292 Vergilianosqne
1016 4227 1219 4276 commentarios
1242 4226 1344 4288 tribuit,
1367 4239 1447 4288 quam
1465 4230 1570 4273 senten·

168 4309 234 4358 tiam
253 4326 269 4358 a
282 4311 313 4360 G.
327 4313 459 4363 Teuffelio
479 4314 556 4378 (Mus.
570 4315 655 4364 eren.
669 4315 759 4363 XXVI
778 4316 828 4363 488
841 4313 909 4381 sqq.)
928 4316 1111 4379 impugnatam
1130 4314 1193 4362 ibid.
1207 4313 1311 4362 XXVII
1324 4313 1356 4361 62
1369 4327 1424 4375 sqq.
1444 4310 1570 4360 defendit.

168 4395 215 4443 sed
234 4413 395 4462 quamquam
413 4401 519 4450 Teuffel
538 4417 593 4451 rem
612 4402 684 4452 hand
707 4417 832 4468 prospere
854 4403 945 4466 gessit,
967 4407 1055 4450 tamen
1079 4402 1099 4450 I.
1117 4401 1249 4450 Kirchner
1267 4402 1295 4448 in
1314 4399 1406 4449 libello
1424 4395 1466 4448 ‘de
1484 4398 1572 4448 Servii

169 4486 323 4535 auctoribus
341 4490 529 4552 grammaticis,
548 4506 614 4553 quos
632 4491 689 4554 ipse
708 4484 836 4538 laudavit'
856 4488 936 4555 (Ann.
949 4487 1014 4553 phil.
1027 4487 1112 4552 suppl.
1127 4488 1194 4537 VIII·
1210 4489 1260 4536 498
1273 4486 1349 4552 sqq),
1368 4486 1490 4536 Servium
1508 4486 1571 4535 Pro·

169 4571 233 4621 bum
246 4574 383 4638 Berytium
402 4591 485 4624 unum
503 4577 696 4642 significavisse
714 4578 904 4643 comprobavit.
935 4576 1025 4625 confer
1042 4591 1148 4640 quoque
1162 4576 1401 4626 Grammaticorum
1414 4574 1569 4622 Latinorum

169 4674 186 4710 a
204 4660 294 4710 Keilio
312 4662 441 4712 editorum
461 4663 541 4714 volI
559 4665 640 4730 praef.
656 4666 706 4714 LII
718 4681 756 4729 sq.
776 4670 803 4714 et
820 4664 874 4714 IIII
892 4663 974 4729 praef.
987 4680 1012 4729 p.
1024 4663 1088 4713 XVI
1100 4678 1138 4729 sq.
