3542 5059
256 205 318 271 108

254 398 330 477 VB,
348 397 367 462 9
390 389 512 484 ‘specta
535 407 566 462 et
588 393 735 481 videbis',
758 398 841 463 Eun.
858 399 890 463 V
913 396 942 483 8,
958 397 1002 461 42
1022 393 1202 464 ‘considera
1218 449 1224 463 .
1243 451 1250 463 .
1268 450 1275 464 .
1292 408 1324 464 et
1345 393 1533 483 intelleges',
1556 397 1621 463 Ad.
1637 397 1654 462 1

256 502 285 586 1,
307 501 350 568 35
375 493 673 568 ‘reminiscere
698 512 730 568 01
758 498 923 568 invenies’.
968 513 1064 589 atque
1090 503 1177 568 hunc
1203 512 1367 569 auctorem
1392 504 1556 568 Donatum
1582 524 1654 566 esse

254 606 332 672 dicit
353 630 390 672 eo
414 608 501 672 nisus
520 617 719 693 argumento,
743 607 830 694 quod
846 630 959 673 comm.
977 607 1006 690 8,
1025 607 1066 671 12
1087 607 1170 672 haec
1192 607 1356 692 legantur:
1384 600 1561 672 ‘comoedia
1575 629 1653 671 vero

255 763 312 777 ...
336 714 369 776 in
391 721 485 798 gestu
513 722 544 776 01
566 714 821 798 pronuntiatione
849 706 1012 795 consistit',
1042 735 1125 798 quae
1152 713 1325 798 explicatio
1352 712 1397 776 eis
1425 733 1508 797 quae
1529 713 1563 775 in
1584 733 1654 797 pro

252 815 428 901 legemenis
450 815 493 881 ad
516 816 739 902 Aristophanis
753 817 944 882 comoedias
964 817 1012 882 VI
1036 819 1051 879 1
1076 817 1228 903 leguntur
1249 817 1268 883 d
1289 815 1387 901 γέλως
1407 825 1463 904 τῆς
1484 813 1655 904 κωμῳδίας

253 917 289 987 tt
307 945 342 986 τε
361 920 476 1000 λέξεως
495 919 551 987 καὶ
572 921 767 1008 πραγμάτων
787 917 852 1004 ἔχει
874 927 931 1009 τὴν
950 923 1102 988 σύστασιν
1124 922 1308 1008 respondet.
1353 943 1431 986 sane
1454 942 1560 1006 neque
1583 942 1653 1005 ego,

254 1027 314 1092 etsi
336 1049 407 1092 eam
431 1028 602 1090 commenti
624 1035 759 1112 partem,
788 1048 871 1112 quae
899 1029 1043 1092 numeris
1066 1026 1133 1110 8,ss
1156 1036 1189 1092 et
1211 1026 1241 1111 9,
1259 1025 1301 1090 23
1326 1025 1510 1110 includitur,
1532 1027 1590 1089 vix
1611 1023 1655 1089 ad

253 1132 418 1196 Donatum
436 1133 542 1217 ipsum
561 1131 768 1196 referendam
788 1153 859 1196 esse
879 1154 978 1217 supra
993 1131 1071 1216 dixi,
1091 1154 1175 1217 nego
1194 1132 1277 1196 haec
1295 1129 1338 1196 ab
1357 1129 1409 1196 illo
1429 1132 1548 1216 scripta
1569 1151 1653 1212 0000,

253 1233 348 1300 facile
371 1237 457 1300 enim
479 1236 550 1300 fieri
571 1239 682 1321 potuit,
705 1247 742 1301 ut
762 1235 824 1301 hoc
844 1239 1044 1301 enuntiatum
1067 1237 1141 1302 olim
1160 1238 1193 1301 in
1216 1236 1279 1301 alia
1299 1237 1470 1301 commenti
1489 1245 1580 1320 parte
1602 1256 1654 1320 po·

254 1341 349 1405 situm
370 1339 434 1404 huc
456 1342 692 1407 transferretur.
737 1341 796 1406 sed
824 1350 933 1406 cetera
960 1363 1043 1427 quae
1065 1342 1134 1407 Leo
1161 1340 1291 1427 protulit
1313 1348 1503 1426 argumenta
1524 1341 1654 1404 nonita

253 1453 290 1508 ut
315 1444 407 1509 nobis
435 1448 592 1510 sententia
620 1445 673 1510 illa
700 1447 856 1532 probetur
883 1456 1068 1531 comparata
1095 1468 1166 1510 esse
1188 1455 1276 1532 puto.
1321 1467 1407 1524 nam,
1430 1453 1465 1510 ut
1487 1443 1528 1509 de
1552 1443 1655 1508 simili·

253 1548 418 1614 tudinibus
434 1552 466 1615 in
484 1550 620 1616 dicendo
638 1573 810 1637 exponam,
826 1553 858 1615 in
875 1553 997 1636 ingenti
1012 1550 1252 1615 adnotationum
1269 1572 1352 1636 quae
1364 1548 1407 1614 ad
1421 1571 1474 1613 res
1490 1551 1655 1632 scaenicas

253 1656 415 1740 pertinent
430 1677 563 1720 numero
580 1655 664 1720 duae
685 1679 768 1742 quae
783 1659 867 1720 inter
887 1678 922 1720 se
936 1655 1033 1741 plane
1047 1655 1245 1742 respondent
1262 1655 1469 1719 inveniuntur
1483 1653 1546 1718 hoc
1560 1651 1655 1718 modo

256 1759 485 1824 conformatae:
523 1761 607 1825 Eun.
624 1760 656 1825 V
671 1759 701 1844 8,
717 1760 759 1823 42
790 1751 971 1825 ‘considera
998 1782 1061 1846 quo
1084 1759 1174 1824 vultu
1201 1759 1263 1824 hoe
1293 1757 1467 1824 dicendum
1495 1758 1536 1823 sit
1557 1766 1590 1823 et
1611 1760 1654 1822 in·

255 1860 408 1948 telleges',
431 1863 495 1930 Ad.
512 1864 544 1929 V
559 1864 625 1949 3,9
656 1857 730 1929 ‘non
761 1865 838 1950 quid
869 1863 1005 1947 dicatur,
1036 1862 1094 1928 scd
1125 1886 1187 1950 quo
1213 1873 1308 1950 gestu
1334 1862 1461 1928 dicatur
1487 1870 1598 1948 specta
1624 1871 1656 1927 et

166 2012 169 2018 ,
254 1964 405 2034 uidebis.³
448 1968 511 2034 alia
530 1991 582 2034 res
603 1979 652 2034 est
671 1971 704 2034 in
725 1972 859 2034 ceteris:
882 1969 1012 2034 Phorm.
1033 1970 1095 2053 14,
1107 1968 1149 2032 49
1172 1960 1656 2053 <0010111010...0111101100,

254 2071 351 2138 Ad.I
377 2074 403 2157 1,
423 2074 464 2137 35
494 2066 710 2139 ‘reminiscere
734 2126 741 2140 .
761 2126 792 2139 ..
817 2084 850 2139 et
876 2069 1043 2158 invenies',
1073 2073 1124 2138 ΠΙ
1139 2073 1169 2159 3,
1185 2073 1229 2137 44
1258 2064 1395 2158 ‘respice
1425 2081 1457 2136 01
1485 2066 1656 2157 videbis'1)

256 2187 288 2242 01
310 2179 355 2242 010
379 2200 459 2264 quas
482 2180 587 2243 omisit
609 2179 691 2244 Leo:
714 2180 799 2244 Eun.
816 2180 847 2245 V
864 2179 893 2263 i,
913 2180 929 2242 1
953 2171 1170 2244 ‘reminiscere
1194 2229 1251 2242 ...
1276 2187 1309 2243 et
1330 2177 1405 2242 hinc
1420 2170 1568 2261 videbis'‚
1590 2175 1655 2241 Ad.

255 2282 287 2347 V
303 2281 370 2366 8,6
400 2275 581 2348 ‘considera
695 2294 727 2348 et
753 2279 920 2349 invenies'.
965 2292 1134 2369 praeterea
1163 2281 1404 2348 adnotationum
1434 2281 1657 2346 scaenicorum

255 2409 319 2452 non
350 2411 388 2452 00
416 2397 464 2452 001
491 2388 646 2471 condicio,
674 2397 710 2453 ut
731 2411 831 2453 unum
854 2397 1019 2453 auctorem
1041 2387 1094 2453 vel
1116 2410 1217 2453 unum
1238 2387 1360 2452 fontem
1383 2408 1493 2451 eorum
1516 2396 1657 2451 statuere

254 2491 358 2556 liceat.
397 2494 492 2557 immo
513 2492 595 2558 haec
614 2515 735 2579 genera
756 2493 981 2558 discernantur
1001 2515 1134 2558 necesse
1155 2502 1211 2557 est.
1251 2494 1389 2578 primum
1408 2491 1515 2556 multis
1530 2490 1656 2556 scholiis

256 2596 426 2683 discipulis,
462 2596 578 2682 quibus
607 2600 641 2661 in
669 2599 870 2683 grammatici
901 2597 1009 2662 schola
1038 2597 1167 2663 fabulae
1197 2596 1354 2682 legendae
1384 2595 1656 2682 proponebantur,

255 2711 429 2786 praecepta
453 2701 578 2785 dantur,
603 2702 703 2766 veluti
724 2702 861 2766 Andr.I
886 2702 949 2785 1,1
975 2694 1086 2767 ‘abitez
1122 2704 1311 2767 concitatius
1333 2700 1508 2786 legendum
1531 2696 1600 2784 est’,
1623 2700 1657 2764 Π

258 2806 285 2888 1,
312 2805 352 2869 10
374 2798 446 2870 ‘hoo
473 2815 567 2892 gestu
594 2808 742 2871 scaenico
771 2807 884 2871 melius
913 2806 1170 2871 commendatur:
1201 2829 1277 2871 nam
1303 2806 1385 2871 haec
1408 2806 1511 2891 magis
1534 2814 1656 2892 specta·

255 2910 375 2975 toribus
407 2933 503 2996 quam
532 2911 706 2976 lectoribus
736 2913 856 2997 scripta
883 2906 978 2992 sunt',
1012 2911 1293 2993 Ρ1101111.Ι4,33
1328 2902 1391 2974 ‘hic
1419 2910 1509 2974 locus
1539 2912 1657 2975 actoris

255 3017 356 3100 magis
373 3038 471 3101 quam
484 3015 612 3080 lectoris
628 3010 699 3098 est'3
725 3016 809 3081 adde
827 3016 929 3080 Andr.
946 3016 980 3080 Π
1006 3017 1034 3096 1,
1051 3017 1107 3099 27,
1131 3015 1195 3080 Ad.
1211 3016 1246 3080 ΙΙ
1262 3016 1291 3099 2,
1309 3014 1364 3096 20,
1388 3015 1439 3079 III
1461 3014 1493 3100 2,
1508 3013 1566 3098 26,
1589 3014 1657 3078 ΙΠΙ

256 3121 286 3204 2,
303 3120 359 3203 35,
386 3121 468 3185 Ηο0.
485 3121 536 3185 ΙΠ
551 3121 582 3201 5,
599 3121 655 3203 50,
683 3122 751 3186 IIII
776 3125 804 3203 1,
821 3121 877 3205 48,
901 3121 1063 3186 Ρ1101111.Ι
1086 3119 1116 3204 2,
1132 3120 1184 3184 54.
1231 3122 1368 3206 exiguus
1395 3141 1473 3184 sane
1501 3118 1657 3185 eiusmodi

256 3223 447 3289 scholiorum
475 3248 627 3290 numerus
655 3236 716 3307 001,
749 3228 878 3290 minime
902 3248 979 3290 vero
1003 3225 1118 3290 Carolo
1142 3224 1213 3289 Sittl
1242 3224 1415 3307 adsentior,
1443 3225 1498 3309 qui
1520 3226 1553 3287 in
1575 3222 1657 3289 libro

257 3331 308 3393 cui
330 3329 430 3394 index
454 3341 515 3395 est:
561 3323 635 3396 ‘Die
660 3331 835 3397 Geharden
860 3329 919 3394 der
942 3331 1106 3395 Griechen
1128 3328 1196 3393 und
1218 3325 1348 3394 Romer'
1371 3330 1502 3414 Lipsiae
1525 3326 1658 3393 01890

256 3434 340 3498 011110
368 3458 398 3521 p.
423 3435 487 3500 203
515 3435 596 3499 haec
627 3436 747 3500 scholia
769 3435 886 3501 nullius
914 3438 1041 3500 omnino
1069 3457 1146 3499 usus
1176 3457 1246 3499 esse
1274 3432 1476 3520 contendit.⁹)
1521 3432 1659 3498 alterum

255 3561 358 3624 genus
387 3541 432 3603 eis
460 3539 586 3604 scholiis
614 3540 761 3623 efficitur,
790 3539 907 3626 quibus
935 3538 976 3604 de
1004 3549 1098 3624 gestu
1125 3539 1230 3624 aliquo
1254 3562 1296 3602 ex
1318 3548 1432 3625 poetae
1455 3536 1564 3603 verbis
1587 3560 1659 3624 per·

256 3646 366 3730 spicuo
390 3646 505 3728 agitur,
533 3645 631 3709 veluti
659 3644 701 3709 ad
724 3644 827 3709 Andr.
849 3645 865 3708 I
888 3645 919 3729 5,
936 3645 975 3708 61
1006 3637 1108 3709 ‘Bona
1135 3646 1243 3708 ndstra
1269 3644 1351 3708 haec
1374 3642 1432 3707 tihi
1454 3645 1603 3729 permitto
1627 3653 1661 3707 et

255 3758 329 3813 tuae
353 3748 471 3813 mandd
494 3745 570 3813 fide'
593 3748 777 3814 adnotatur:
812 3742 905 3814 ‘haec
924 3748 1028 3813 verba
1050 3751 1143 3835 quasi
1164 3747 1419 3835 suppellectilem
1442 3770 1534 3812 suam
1557 3756 1659 3811 osten-

257 3852 361 3917 dentis
385 3847 479 3936 sunt',
508 3854 561 3917 vel
592 3853 634 3917 ad
661 3853 802 3918 Andri
827 3855 892 3936 1,3
922 3846 1534 3938 (110111101110111011111100101100οἐ
1565 3842 1659 3915 ‘haec

258 3959 422 4037 δεικτικῶς
445 3952 513 4041 006,
545 3959 585 4023 cf.
609 3967 777 4043 praeterea
800 3958 904 4024 Andr.
924 3959 957 4022 Π
984 3962 1011 4042 1,
1030 3958 1079 4022 10.
1097 3958 1153 4039 33,
1183 3958 1234 4022 III
1257 3957 1287 4041 2,
1304 3957 1355 4021 26.
1372 3957 1442 4038 30,
1460 3957 1527 4022 IIII
1549 3956 1580 4039 4,
1600 3955 1658 4038 48,

257 4063 335 4145 V3,
354 4062 407 4147 19,
431 4063 547 4128 Ε111.Ι
570 4062 601 4147 2,
620 4062 669 4126 18.
685 4064 742 4146 43,
765 4063 815 4127 ΠΙ
838 4063 868 4148 5,
884 4062 942 4145 41,
965 4063 1034 4128 Hll
1055 4063 1085 4147 4,
1103 4062 1137 4145 9,
1161 4062 1225 4126 Ad.
1241 4063 1275 4126 II
1300 4061 1380 4145 1,1),
1404 4062 1455 4125 ΠΙ
1477 4062 1507 4144 2,
1524 4060 1576 4125 23.
1608 4082 1660 4124 eo·

258 4167 333 4232 dem
363 4167 458 4232 modo
488 4189 551 4253 quo
581 4170 770 4253 pronomina
799 4167 1050 4233 demonstrativa
1081 4167 1284 4253 explicantur
1312 4159 1381 4231 ‘sic’
1404 4164 1508 4230 Andr.
1532 4165 1548 4229 Ι
1576 4163 1605 4248 2,
1621 4164 1658 4246 4,

363 4340 382 4403 ¹)
402 4345 459 4394 sine
481 4343 562 4394 dubio
586 4339 706 4393 'videbis’
730 4343 899 4395 scribendum
923 4348 963 4394 est
984 4359 1031 4408 pro
1059 4358 1099 4404 eo,
1127 4343 1197 4407 quod
1224 4358 1297 4392 nunc
1323 4343 1352 4391 in
1375 4340 1537 4391 editionibus
1560 4339 1660 4405 legitur

257 4427 382 4481 ‘ridebis’.
418 4435 535 4480 ceterum
554 4430 668 4495 quodam
686 4431 764 4481 modo
782 4429 870 4481 simile
888 4436 929 4480 est
946 4431 1115 4480 enuntiatum
1135 4430 1182 4480 Ad.
1201 4430 1228 4478 Il
1246 4431 1300 4490 3‚8
1322 4425 1353 4478 ‘si
1376 4427 1543 4478 considerare
1561 4426 1660 4487 studes,

257 4514 397 4568 invenies’

361 4603 382 4671 ²)
402 4620 490 4669 neque
514 4606 586 4655 enim
609 4604 765 4670 diligentius
787 4605 815 4654 in
839 4604 908 4654 hanc
930 4620 986 4655 rem
1008 4606 1156 4669 inquisivit,
1179 4604 1225 4654 sed
1248 4618 1307 4654 eam
1329 4604 1422 4668 paucis
1443 4605 1548 4652 tantum
1570 4601 1660 4652 verbis

258 4692 381 4742 absolvit.
