3542 5059
223 193 285 257 164

218 383 407 470 videmus,¹)
434 383 574 469 reliquas
602 407 685 471 quae
714 407 731 448 e
759 387 878 450 cretico
907 394 938 450 et
965 385 1108 471 spondeo
1130 385 1183 449 vel
1211 407 1229 448 e
1252 387 1371 450 cretico
1398 395 1432 451 et
1456 385 1619 450 tribracho

219 491 436 556 conformatae
459 499 533 553 sunt
555 489 732 555 Diomedes
754 489 909 576 probat')
933 493 997 575 qui,
1025 513 1099 554 cum
1121 491 1315 555 Terentiano
1342 493 1503 555 recentior
1525 501 1619 572 esset,

219 595 388 679 clausulas,
416 616 497 681 quas
524 604 653 681 praeter
679 595 748 658 illas
777 596 887 659 cretici
910 617 970 680 ope
998 597 1191 681 compositas
1213 595 1329 679 adfert,
1357 618 1421 660 non
1443 594 1620 676 adtulisset,

218 703 245 765 si
266 703 330 765 iam
353 701 538 765 Terentiani
565 699 762 785 temporibus
790 699 952 764 clausulas
973 703 1069 764 unico
1096 702 1214 764 cretico
1242 700 1431 765 efficiendas
1453 723 1524 764 csse
1548 723 1620 766 con·

218 807 355 870 stitisset.
401 815 544 870 ceterum
567 804 666 869 Iulius
687 805 799 869 Victor
820 827 851 890 p.
873 805 948 890 433,
970 804 1070 870 2811.
1099 805 1181 870 haec
1210 805 1345 891 profert:
1382 798 1454 870 ‘nec
1481 808 1619 870 creticus

217 933 275 997 pes
303 913 431 996 saepius
457 905 700 995 frequentetur',
729 909 846 994 quibus
869 909 978 974 verbis
1007 909 1243 976 demonstratur
1268 914 1440 997 scriptores
1464 910 1619 996 quosdam

218 1018 372 1080 creticum
395 1018 427 1079 in
444 1014 566 1078 deliciis
588 1014 750 1097 habuisse,
775 1015 831 1078 sed
856 1037 1063 1100 nequaquam
1077 1018 1220 1080 omnium
1243 1038 1402 1080 consensu
1424 1038 1498 1080 eum
1520 1039 1620 1079 unum

218 1121 368 1185 clausulis
396 1130 506 1204 aptum
533 1118 679 1183 habiturn
707 1142 787 1183 esse.
834 1142 873 1183 ac
901 1143 942 1183 ne
969 1121 1092 1205 antiqui
1120 1120 1250 1205 quidem
1272 1142 1386 1185 versus
1408 1119 1477 1184 illos
1500 1119 1619 1184 Teren·

216 1229 294 1290 tiani
317 1228 362 1290 sic
385 1232 581 1310 acceperunt
603 1234 638 1290 ut
660 1225 787 1310 Meyer3
816 1248 892 1288 nam
914 1225 1061 1309 Rufinus,
1089 1228 1144 1310 qui
1171 1247 1225 1289 eos
1255 1225 1362 1289 adfert
1388 1224 1460 1311 (Gr.
1482 1225 1553 1290 Lat.
1570 1225 1620 1289 VI

216 1331 290 1415 575,
307 1329 341 1416 3)
365 1340 397 1395 et
420 1329 654 1394 circumscribit
681 1328 773 1415 (ibid.
790 1329 865 1409 566,
883 1329 949 1415 10),
977 1331 1013 1393 iis
1040 1351 1105 1394 non
1131 1329 1315 1415 impeditur,
1346 1331 1514 1415 quominus
1542 1328 1620 1394 alios

217 1458 344 1521 quoque
373 1434 475 1520 pedes
506 1434 718 1499 commendet.
764 1436 797 1498 in
827 1456 865 1498 eo
896 1444 1004 1498 autem
1033 1434 1130 1519 plane
1159 1435 1294 1521 Meyero
1326 1434 1497 1518 adsentior,
1532 1434 1619 1521 quod

217 1543 371 1604 creticum
394 1540 488 1626 longe
509 1539 765 1624 frequentissime
788 1541 821 1602 in
842 1539 991 1603 clausulis
1012 1539 1190 1604 adhibitum
1213 1563 1283 1604 esse
1305 1540 1392 1604 dicit.
1439 1539 1480 1603 de
1500 1562 1564 1626 qua
1583 1563 1619 1603 re

216 1644 299 1708 infra
314 1644 459 1730 pluribus
476 1666 648 1728 exponam.
687 1643 746 1708 sed
769 1666 843 1707 cum
866 1643 1079 1729 complurium
1102 1647 1293 1731 scriptorum
1310 1645 1499 1709 Latinorum
1522 1644 1620 1709 libros

216 1748 327 1813 sedulo
350 1757 569 1835 perscrutatus
592 1770 707 1830 essem,
730 1749 850 1831 inveni,
879 1748 1039 1812 clausulas
1067 1749 1170 1813 tribus
1192 1748 1366 1833 generibus
1389 1749 1621 1835 comprehendi

215 1877 319 1940 posse.
365 1877 404 1918 ac
426 1855 564 1939 primum
592 1875 663 1916 esse
685 1851 773 1936 illud,
802 1853 889 1939 quod
918 1863 1042 1918 constat
1069 1853 1153 1939 pede
1177 1857 1294 1919 cretico
1323 1877 1397 1918 curn
1419 1855 1488 1919 aliis
1511 1857 1620 1919 iuncto

215 1958 268 2022 vel
291 1957 462 2045 duplicato,
491 1960 645 2022 creticum
669 1980 688 2022 a
711 1980 762 2022 me
786 1967 946 2041 vocaturn,
978 1958 1113 2023 alterurn
1143 1958 1385 2041 ditrochaicum,
1415 1961 1543 2023 tertium
1573 1959 1619 2023 di-

216 2061 463 2148 spondiacum.³)
496 2073 666 2148 praeterea
686 2064 782 2125 etiam
799 2085 853 2126 eas
870 2061 1030 2126 clausulas
1047 2062 1171 2148 collegi,
1193 2086 1276 2148 quae
1297 2066 1439 2128 omnium
1454 2063 1619 2127 rhetorum

216 2189 374 2232 consensu
401 2166 605 2251 damnantur,
637 2189 691 2230 eas
719 2166 801 2250 dico,
833 2189 916 2252 quae
944 2177 1001 2232 aut
1028 2190 1070 2231 ex
1096 2190 1194 2232 versu
1220 2171 1345 2253 integro
1374 2179 1431 2233 aut
1457 2192 1500 2232 ex
1526 2183 1619 2254 parte

214 2295 327 2337 versus
350 2272 529 2359 constant4)
554 2283 585 2336 ot
611 2273 720 2336 inveni
743 2271 961 2357 pherecratois
989 2281 1021 2336 et
1048 2271 1214 2359 glyconeis
1242 2295 1340 2358 saepe
1368 2275 1536 2338 circuitum
1558 2283 1618 2337 ter·

214 2379 337 2460 minari,
361 2377 419 2441 sed
442 2379 539 2441 etiam
561 2399 675 2440 versus
699 2377 818 2440 heroici
841 2377 987 2461 partibus
1010 2377 1195 2461 maioribus,
1218 2377 1380 2442 interdum
1404 2380 1499 2443 etiam
1521 2380 1618 2443 versi·

213 2483 275 2548 bus
294 2483 429 2546 heroicis
445 2483 588 2566 integris.
633 2480 695 2545 hoc
718 2484 815 2566 igitur
837 2504 941 2566 genus
964 2492 1113 2567 quartum
1136 2481 1343 2546 adiciendum
1366 2493 1398 2546 et
1421 2482 1619 2569 dactylicum

213 2586 443 2653 nominandum
470 2608 541 2651 esse
569 2594 655 2670 puto.
702 2595 769 2649 tum
797 2590 1034 2672 computatione
1064 2589 1208 2651 instituta
1236 2589 1396 2672 inquisivi,
1428 2598 1505 2673 quot
1534 2588 1617 2651 clau·

211 2692 300 2757 sulae
316 2695 349 2756 in
365 2693 508 2755 centenis
524 2692 745 2754 invenirentur
757 2693 906 2774 creticae,
924 2691 1149 2774 ditrochaicae,
1167 2691 1407 2776 dispondiacae,
1426 2691 1616 2778 dactylicae.

211 2799 255 2861 ita
283 2820 357 2861 cunr
385 2799 490 2860 omnia
513 2794 631 2881 Apulei
659 2798 777 2880 scripta
804 2806 1024 2881 perscrutatus
1053 2819 1167 2881 essem,
1195 2798 1304 2861 inveni
1331 2800 1470 2861 rationes
1494 2797 1617 2861 clausu·

210 2903 314 2966 larum
341 2904 374 2965 in
397 2900 544 2965 omnibus
568 2899 698 2964 easdem
720 2900 788 2964 fere
813 2923 894 2979 esse,
924 2904 950 2964 si
978 2924 1031 2964 eos
1059 2901 1157 2965 libros
1180 2902 1380 2988 neglegimus
1404 2904 1458 2987 qui
1480 2900 1617 2986 Apuleio

211 3006 291 3070 falso
322 3005 558 3070 adtribuuntur.
604 3007 668 3069 iam
698 3004 833 3070 aliorum
864 3008 1054 3090 scriptorum
1086 3007 1236 3092 operibus
1269 3010 1300 3071 in
1333 3029 1466 3070 censum
1495 3009 1616 3070 vocatis

212 3113 348 3197 cognovi
369 3133 443 3174 cum
463 3110 540 3174 alios
560 3109 639 3173 alias
660 3109 820 3174 clausulas
843 3110 1012 3175 adamasse
1032 3121 1100 3175 tum
1122 3114 1277 3175 rationem
1298 3110 1514 3175 clausularum
1529 3111 1615 3196 apud

212 3214 378 3285 nonnullos
399 3238 464 3280 non
479 3217 512 3278 in
528 3214 675 3278 omnibus
692 3214 843 3299 operibus
860 3215 998 3280 eandem
1015 3239 1096 3300 esse,
1118 3216 1204 3301 quod
1224 3219 1257 3280 in
1272 3218 1384 3301 primis
1404 3219 1436 3279 in
1453 3216 1615 3281 Ciceronis

212 3332 243 3396 et
258 3321 397 3386 Sallustii
421 3322 546 3404 scriptis
569 3319 754 3403 observavi3
779 3320 836 3384 sed
860 3321 944 3384 hanc
966 3343 1035 3384 rem
1058 3323 1102 3385 ita
1125 3320 1354 3405 explicandam
1377 3344 1447 3386 esse
1470 3329 1556 3406 puto,
1580 3330 1616 3383 ut

212 3425 397 3490 Sallustium
417 3427 448 3490 in
471 3424 620 3488 clausulis
642 3425 872 3509 componendis
894 3436 982 3489 certa
1001 3429 1124 3490 ratione
1140 3449 1234 3490 usum
1250 3449 1313 3491 non
1331 3449 1410 3508 esse,
1427 3426 1615 3492 Ciceronem

210 3539 318 3594 autern
345 3532 378 3593 in
405 3529 600 3593 orationibus
625 3551 679 3592 eas
711 3531 786 3592 satis
818 3529 987 3613 diligenter
1017 3530 1251 3609 observavisse‚
1282 3533 1314 3595 in
1345 3534 1459 3596 ceteris
1489 3533 1615 3615 scriptis

210 3637 366 3699 minorem
389 3636 456 3697 eius
479 3635 526 3696 rei
550 3656 661 3697 curam
684 3633 836 3698 hahuisse
860 3633 976 3698 dicam.
1017 3657 1081 3719 qua
1102 3658 1144 3698 ex
1160 3658 1195 3698 re
1212 3636 1325 3721 collegi
1341 3636 1469 3700 saeculo
1485 3635 1612 3699 demum

210 3763 240 3824 p.
258 3738 317 3803 Oh.
335 3763 365 3803 n.
382 3741 484 3823 primo
500 3738 553 3802 vel
568 3738 667 3802 altero
688 3741 719 3802 in
737 3739 852 3803 scholis
868 3739 1033 3802 rhetorum
1048 3740 1248 3824 Latinorum,
1270 3764 1350 3826 quas
1367 3743 1443 3826 quin
1459 3738 1613 3825 Apuleius

210 3844 465 3929 frequentaverit
484 3867 548 3908 non
566 3843 688 3928 dubito,
708 3849 826 3908 tirones
842 3854 877 3907 ut
893 3854 1015 3908 certam
1035 3846 1067 3907 in
1085 3843 1235 3909 clausulis
1251 3845 1443 3931 effingendis
1459 3846 1614 3909 rationem

315 4088 335 4154 ¹)
354 4090 434 4140 VIIII
452 4092 476 4150 4,
493 4091 542 4139 104
564 4089 654 4139 cludet
677 4093 704 4139 et
726 4089 847 4152 dactylus
868 4128 955 4141 .....
975 4090 1085 4140 habebit
1107 4096 1170 4140 ante
1192 4091 1261 4141 benc
1285 4093 1424 4155 creticum,
1451 4090 1484 4143 cf.
1504 4090 1566 4140 ibid.
1581 4092 1613 4139 97

212 4178 343 4241 spondeus
362 4193 467 4241 quoque
488 4215 575 4227 .....
595 4177 702 4226 modum
725 4192 830 4241 semper
852 4193 899 4242 per
917 4193 945 4227 se
964 4178 1058 4240 habet3
1082 4180 1182 4242 optime
1206 4179 1348 4243 praecedet
1370 4195 1431 4229 eum
1454 4180 1566 4228 creticus
1584 4183 1614 4226 ut

210 4266 237 4313 in
256 4266 317 4314 hoc:
343 4262 384 4315 ‘de
403 4281 455 4329 qua
474 4281 522 4329 ego
542 4265 609 4313 nihil
628 4265 724 4326 dicam,
743 4266 795 4314 nisi
814 4265 966 4330 depellendi
985 4266 1105 4315 criminis
1124 4263 1221 4316 causa'.

313 4351 335 4416 ²)
354 4370 378 4417 p.
392 4354 451 4412 469,
466 4355 495 4400 11
515 4352 655 4401 trochaeus
674 4354 702 4401 in
720 4352 842 4402 clausula
858 4353 928 4402 bene
940 4355 1056 4418 ponitur,
1075 4355 1191 4404 maxime
1209 4356 1231 4403 si
1244 4369 1272 4403 se
1291 4355 1348 4419 ipse
1361 4353 1503 4419 praecedat
1521 4392 1527 4402 .
1542 4390 1567 4401 ..
1586 4358 1612 4402 et

211 4440 324 4488 creticus
343 4435 461 4503 ‘proditis
473 4436 568 4502 rebus’3
589 4439 621 4488 cf.
636 4442 696 4500 469,
709 4441 742 4487 34
759 4439 824 4488 facit
841 4441 921 4489 etiam
935 4441 1085 4505 tribrachys
1103 4442 1136 4491 ad
1149 4441 1297 4491 clausulam
1315 4441 1492 4505 praecedente
1507 4441 1611 4490 cretico.

313 4523 335 4589 ³)
355 4525 475 4575 clausula
492 4525 665 4589 dispondiaca
683 4542 699 4576 a
719 4527 885 4587 Quintiliano
906 4531 932 4575 et
947 4528 1077 4578 Diomede
1097 4531 1216 4580 reicitur.

314 4610 336 4678 ⁴)
356 4612 389 4661 cf.
407 4611 499 4672 Quint.
513 4612 591 4662 VIIII
609 4614 634 4674 4,
653 4615 684 4660 72
704 4628 810 4662 versum
830 4614 857 4662 irr
876 4615 996 4663 oratione
1015 4613 1072 4665 fieri
1092 4616 1175 4666 multo
1194 4616 1375 4666 foedissimum
1394 4622 1434 4666 est
1452 4620 1543 4675 toturn,
1566 4613 1611 4664 sed

213 4699 293 4748 etiam
312 4699 340 4746 in
358 4703 433 4762 parte
452 4697 577 4748 deforme.
