3542 5059
1511 157 1572 222 161

170 351 258 415 nulla
281 347 418 436 protulit.
465 349 575 415 Valois
599 359 630 414 et
653 347 827 436 Oouture1)
851 359 959 414 autem
987 348 1289 414 demonstraverunt
1311 351 1407 414 etiam
1428 351 1575 435 tempori-

170 455 233 521 bus
263 455 496 520 recentioribus
528 457 671 520 extitisse
702 465 823 520 certam
855 454 1072 519 clausularum
1105 454 1389 540 temperandarum
1419 478 1573 520 normam.

170 582 244 625 cum
260 562 356 644 igitur
372 561 448 624 satis
464 568 587 624 constet
601 561 634 624 in
650 559 801 624 clausulis
818 558 1047 644 componendis
1063 569 1204 624 oratores
1220 562 1428 646 praecipuam
1444 583 1576 646 operam

171 665 387 749 collocavisse,
415 687 473 728 nos
498 686 625 750 quoque
651 673 778 728 tantum
806 663 846 728 dc
870 673 949 745 arte,
981 687 1045 750 qua
1073 664 1232 729 clausulas
1260 665 1329 729 illas
1357 665 1575 730 conficiendas

171 792 241 834 esse
264 778 454 853 statuerunt,
479 768 723 855 disputabimus.

274 875 344 938 Iam
368 875 394 938 si
417 883 591 961 praecepta
613 873 777 939 rhetorum
801 873 841 937 de
866 873 1016 938 clausulis
1040 873 1117 938 data
1140 873 1390 958 consideramus,
1418 876 1488 941 fieri
1511 899 1576 941 non

172 989 275 1065 potest
299 981 376 1064 quin
398 980 550 1043 miremur
574 1001 612 1042 ea
635 981 718 1043 inter
741 1000 775 1043 se
792 979 1010 1044 diversissima
1033 1000 1113 1043 esse.
1159 987 1256 1063 atque
1276 980 1417 1043 omnium
1437 982 1575 1065 primum

173 1085 326 1149 dissensio
354 1093 412 1167 est,
443 1093 550 1149 utrum
578 1083 704 1170 syllaba
732 1093 879 1149 extrema
906 1105 1026 1169 anceps
1054 1082 1206 1148 habenda
1233 1085 1274 1148 sit
1300 1106 1414 1148 necne.
1459 1083 1574 1149 Cicero

171 1193 256 1254 enim
283 1188 354 1276 (Or.
371 1187 449 1276 217)
480 1189 562 1254 haec
589 1188 711 1254 docuit:
745 1180 834 1253 ‘nihil
940 1191 1073 1254 interest
1101 1187 1249 1274 dactylus
1278 1190 1318 1253 sit
1345 1198 1509 1254 extremus
1531 1212 1574 1253 an

171 1297 319 1378 creticus,
351 1297 426 1380 quia
454 1303 615 1380 postrema
643 1293 768 1380 syllaba
797 1293 906 1358 brevis
937 1317 979 1358 an
1006 1293 1102 1379 longa
1129 1295 1169 1357 sit
1196 1316 1237 1358 ne
1263 1295 1297 1357 in
1319 1315 1416 1358 versu
1444 1292 1574 1379 quidem

170 1394 290 1464 refert.>
327 1407 488 1484 repugnat
504 1398 719 1478 Quintilianus
734 1399 816 1463 haec
833 1398 944 1462 dicens
960 1398 1074 1484 (VHH
1089 1399 1120 1478 4,
1137 1397 1209 1484 93):
1232 1390 1347 1484 ‘neque
1364 1401 1449 1464 enim
1464 1400 1575 1483 ignoro

169 1506 202 1567 in
226 1504 289 1568 fine
311 1526 369 1589 pro
388 1504 486 1589 longa
509 1506 613 1590 accipi
635 1504 779 1582 brevem,
803 1507 877 1590 quia
897 1503 1026 1568 videtur
1048 1503 1169 1589 aliquid
1192 1506 1336 1568 vacantis
1359 1506 1511 1591 temporis
1532 1527 1574 1569 ex

171 1631 218 1692 eo,
243 1609 330 1695 quod
348 1611 538 1695 insequitur,
559 1609 731 1693 accedere,
755 1631 849 1674 aures
865 1618 974 1674 tamen
990 1608 1159 1674 consulens
1179 1631 1268 1673 meas
1283 1609 1424 1694 intelligo
1440 1608 1574 1673 multum

171 1713 291 1778 referre
314 1725 436 1778 verene
462 1714 559 1798 longa
586 1716 639 1798 sit,
668 1736 751 1800 quae
775 1713 906 1795 claudit,
934 1738 975 1778 an
998 1737 1057 1800 pro
1083 1709 1201 1799 longa?
1246 1714 1422 1778 Diomedes
1450 1723 1574 1779 senten-

172 1819 247 1882 tiam
269 1817 446 1903 Ciceronis,
473 1820 577 1883 verba
599 1818 695 1883 Fabii
723 1828 852 1884 secutus
876 1818 947 1905 (Gr.
965 1820 1037 1884 Lat.
1055 1819 1071 1883 I
1092 1819 1167 1902 467,
1184 1817 1218 1904 9)
1250 1810 1405 1884 ‘clausula
1436 1815 1574 1905 quoque'

173 1925 215 1986 ait
242 1916 271 1986 ‘e
294 1923 397 2009 longis
419 1923 602 1988 firmissima
625 1933 682 2001 est,
711 1924 769 1988 sed
792 1927 881 1989 venit
908 1926 994 1988 etin
1017 1924 1145 2008 breves,
1174 1925 1321 2009 quamvis
1348 1922 1507 1988 habeatur
1530 1927 1574 1988 in-

172 2027 324 2092 differens
347 2028 475 2112 ultima3
503 2052 608 2114 neque
637 2031 721 2094 enim
745 2051 804 2115 ego
828 2032 939 2114 ignoro
963 2031 996 2094 in
1019 2030 1082 2093 fine
1105 2051 1163 2114 pro
1185 2028 1281 2112 longa
1304 2031 1408 2114 accipi
1429 2028 1574 2109 brevem,

171 2134 246 2215 quia
268 2132 397 2197 videtur
423 2133 545 2219 aliquid
568 2137 714 2199 vacantis
741 2137 893 2219 temporis
921 2157 964 2198 ex
988 2157 1036 2217 8ο,
1064 2133 1150 2219 quod
1177 2135 1365 2218 insequitur,
1393 2130 1572 2199 accedere'.

275 2235 340 2301 Sed
369 2241 464 2303 etiam
492 2239 533 2303 de
557 2238 754 2324 singulorum
780 2239 901 2323 pedum
925 2238 1079 2303 electione
1107 2239 1251 2303 rhetores
1275 2261 1337 2302 non
1361 2241 1572 2304 consentiunt.

169 2339 269 2404 veluti
289 2340 503 2420 Quintilianus
528 2343 657 2430 negat2)
682 2367 715 2408 sc
739 2366 862 2429 paeone
886 2345 968 2428 capi,
992 2365 1087 2428 quem
1110 2341 1331 2428 Aristoteles³)
1354 2343 1573 2430 Demetrius4)

170 2444 284 2510 Cicero
291 2445 317 2532 5)
334 2469 451 2533 magno
469 2471 564 2535 opere
580 2449 808 2534 probaverunt.
841 2447 927 2533 quod
942 2456 1050 2512 autem
1066 2447 1109 2511 ad
1125 2446 1324 2533 syllabarum
1340 2448 1488 2512 brevium
1503 2470 1573 2533 pro·

172 2549 355 2616 ductionem
379 2554 510 2633 adtinet,
534 2554 701 2618 Diomedis
722 2557 880 2618 sententia
899 2551 993 2637 longe
1015 2551 1177 2638 discrepat
1199 2576 1219 2616 a
1238 2554 1420 2638 praeceptis
1439 2552 1573 2638 reliquo-

169 2677 251 2735 rum,
280 2659 334 2740 qui
362 2657 443 2721 haec
472 2658 613 2744 docsttss)
644 2651 714 2722 ‘sed
737 2660 976 2722 meminerimus
1003 2659 1048 2721 ita
1074 2679 1132 2721 nos
1161 2657 1202 2721 de
1229 2657 1331 2742 longis
1360 2668 1403 2720 et·
1418 2657 1574 2721 brevibus

169 2761 367 2844 temporibus
397 2761 569 2846 locuturos,
600 2773 634 2827 ut
664 2773 780 2828 natura
806 2772 940 2844 tantum,
972 2785 1035 2828 non
1066 2765 1163 2828 etiam
1192 2764 1347 2848 positione
1377 2762 1490 2847 longas
1520 2771 1575 2826 aut

170 2865 287 2930 breves
307 2864 506 2935 iudicemus’.
552 2891 652 2954 qnare
675 2869 762 2932 idem
777 2869 878 2934 verba
902 2861 996 2933 ‘iusta
1011 2863 1230 2954 reprehensio'
1253 2877 1285 2931 ct
1306 2859 1399 2931 ‘iusta
1414 2862 1575 2931 videatur'

171 2968 313 3034 similiter
346 2994 475 3036 currere
510 2983 602 3058 putat
631 2965 790 3059 ‘quamvis
820 2974 1029 3059 reprehensio
1064 2975 1201 3058 primam
1231 2971 1390 3058 syllabam
1419 2973 1575 3055 positione

170 3074 298 3161 longam
321 3075 441 3141 habeat
463 3088 595 3163 propter
618 3078 699 3142 duas
723 3101 806 3164 quae
830 3088 1008 3164 sequuntur
1031 3073 1263 3142 consonantes‘.
1309 3076 1426 3140 eadem
1452 3077 1575 3140 ratione

169 3170 323 3245 ‘criminis
352 3178 460 3245 causa'
492 3183 655 3269 dactylum
687 3207 761 3247 cnm
792 3183 944 3268 spondeo,
973 3175 1121 3268 ‘impetus
1148 3178 1235 3246 fecit'
1262 3190 1474 3267 anapaestum
1501 3203 1575 3245 cum

170 3286 313 3370 spondeo
356 3309 426 3351 esse
464 3288 637 3352 contendit.
683 3288 830 3374 Cicerol)
867 3311 946 3352 vero
983 3281 1139 3373 ‘incipite‘
1176 3288 1339 3373 positionis
1376 3290 1409 3351 vi
1446 3294 1575 3349 servata

169 3412 343 3475 paeonem,
381 3384 665 3479 ‘comprobavit'⁸)
707 3392 894 3457 dichoreum
934 3415 1004 3456 esse
1041 3392 1192 3456 adfirmat
1229 3402 1262 3455 et
1298 3393 1418 3477 pariter
1452 3390 1575 3471 Quinti·

274 3619 295 3686 ¹)
314 3622 346 3671 N.
359 3621 462 3672 Valois:
482 3608 570 3672 htuda
589 3637 634 3670 sur
652 3621 678 3671 ls
692 3621 815 3684 rhythmo
833 3620 879 3670 des
898 3620 984 3671 bullas
997 3619 1163 3686 pontificales
1182 3619 1263 3685 (Bibl.
1277 3619 1310 3669 (18
1323 3617 1381 3669 l'dc.
1395 3618 1440 3668 des
1453 3618 1536 3668 chart.
1549 3634 1573 3668 a.

171 3709 247 3770 1881,
267 3724 292 3773 p.
307 3711 451 3768 161-198,
471 3710 615 3757 sot-272.
647 3709 677 3759 L.
691 3708 820 3758 Contere:
839 3709 878 3758 Le
897 3725 989 3758 cursus
1008 3725 1041 3758 ou
1055 3709 1179 3772 rhythmo
1197 3712 1337 3773 prosatque
1350 3707 1415 3756 dans
1427 3705 1455 3755 la
1467 3705 1576 3772 liturgic

169 3802 197 3847 at
215 3795 281 3846 dans
299 3796 327 3846 la
345 3795 454 3846 litterat.
472 3795 506 3845 (18
524 3794 626 3860 regnae
645 3797 742 3846 Latina
761 3797 797 3845 du
815 3797 866 3845 ΙΙΙε
885 3794 967 3846 siecle
985 3794 1002 3844 1
1019 3797 1047 3845 la
1064 3799 1233 3846 renaissance
1251 3795 1325 3861 (pars
1343 3796 1356 3843 Ι
1373 3795 1439 3844 Rev.
1452 3794 1477 3844 d.
1490 3800 1574 3859 quest.

169 3885 230 3934 hist.
244 3899 267 3933 a.
283 3885 359 3944 1892,
375 3884 396 3944 1,
410 3885 556 3946 sos-261,
574 3899 635 3948 pars
647 3885 683 3945 11,
701 3885 812 3949 Compte
825 3884 909 3934 rendu
926 3884 962 3932 du
979 3882 1089 3947 congrds
1101 3883 1215 3932 scientis.
1230 3885 1326 3933 intern.
1339 3882 1386 3931 des
1398 3881 1501 3932 Catlrol.
1514 3883 1573 3932 Par.

169 3986 193 4021 a.
214 3973 290 4032 1891,
308 3977 371 4022 sect.
386 3971 418 4032 V,
437 3988 462 4036 p.
482 3971 643 4036 los-109),
671 3972 704 4021 cf.
723 3971 874 4022 Miodoriski
893 3973 921 4020 in
940 3971 1001 4036 eph.
1020 3970 1090 4020 Berl.
1109 3971 1176 4036 phil.
1196 3971 1288 4020 Woch.
1310 3971 1385 4031 1892,
1404 3987 1429 4036 p.
1448 3972 1515 4019 1174
1527 3985 1576 4033 sq,

169 4058 322 4120 Duchesne‚
339 4058 409 4108 Bibl.
423 4057 526 4109 (18188.
540 4058 585 4108 des
599 4059 682 4110 chart.
698 4061 772 4120 1889,
791 4076 815 4124 p.
832 4060 976 4108 161-163.

274 4144 296 4212 ²)
314 4146 394 4196 VIIII
413 4148 437 4207 4,
457 4148 515 4197 110.

273 4231 295 4300 ³)
313 4234 391 4284 Rhet.
403 4234 444 4283 111
462 4235 486 4285 8.

273 4318 295 4386 ⁴)
315 4321 348 4370 de
366 4321 431 4370 eloe.
451 4323 484 4370 38
496 4338 535 4387 sq.

273 4406 295 4473 ⁵)
315 4408 348 4458 de
367 4425 404 4458 or.
418 4409 458 4459 III
477 4412 526 4459 183
539 4426 577 4475 sq.

272 4494 295 4561 ο)
315 4495 359 4546 or.
372 4496 432 4547 Lat.
446 4496 459 4545 1
478 4498 538 4558 cos,
550 4497 591 4546 25.

274 4581 295 4648 7)
314 4584 348 4635 (18
367 4583 458 4634 or.III
478 4585 535 4634 183.

273 4669 294 4736 ⁸)
315 4671 431 4722 01214.

223 4762 389 4806 Dissertationes
402 4765 478 4817 philol.
489 4764 579 4807 vindob.
589 4762 624 4804 VI.
