3542 5059
251 216 295 280 32

252 407 374 494 (addito
397 405 485 493 πού),
510 408 573 471 366
596 407 629 495 (ί)
653 406 674 474 ὅ
693 430 727 492 γε
750 407 828 495 καί),
853 410 969 496 quibus
992 409 1069 474 locis
1092 412 1203 475 novies
1227 408 1429 497 optativus‚¹)
1461 419 1575 495 quater
1596 412 1649 475 im·

250 514 425 599 perativus‚
460 512 559 578 semel
588 514 772 598 infinitivus
808 516 860 599 qui
891 516 1073 601 imperativi
1102 516 1175 579 vice
1205 515 1358 602 fungitur,
1392 514 1563 579 adiunctus
1593 523 1648 579 est.

356 616 483 699 Quibus
500 619 653 704 expositis
669 618 711 683 ad
727 641 781 683 eos
797 642 854 683 nos
866 628 1031 685 vertamus
1045 620 1141 705 locos,
1158 620 1274 705 quibus
1290 620 1455 706 particulis
1470 621 1491 707 ἤ
1500 619 1584 705 velli
1598 617 1650 684 καί

250 724 331 787 varii
353 724 481 809 generis
504 723 664 788 vocabula
687 723 927 809 disiunguntur:
950 724 1047 789 Ther.
1065 725 1085 789 5
1100 747 1147 810 sq.
1163 721 1243 790 καθ)
1265 725 1341 812 ilipa
1360 726 1365 810 Ι
1384 725 1404 813 ἢ
1425 722 1480 790 καὶ
1501 724 1650 809 άροτριύ-

251 850 328 908 οντι,
350 826 390 890 87
404 850 472 913 sqq.
494 828 524 892 εἰ
545 828 579 893 δὲ
599 832 638 893 σύ
658 850 692 913 γε
711 826 831 915 τρίψας
846 827 943 917 ὀλίγῳ
959 830 993 894 ἕν
1007 833 1154 914 βάμμασι
1170 832 1301 916 κάμπην
1320 829 1324 915 Ι
1345 880 1403 895 ...
1424 828 1429 915 1
1448 829 1484 917 ἠὲ
1500 826 1554 893 καὶ
1569 831 1650 912 ἀγρι-

252 932 331 1011 erog
345 932 487 1018 μαλάχης
503 934 649 1017 ἐγκύμονι
665 938 778 1021 κάρφει
800 940 804 1011 l
824 940 897 1017 γοῐα
913 931 1008 1016 πέριξ
1023 935 1203 1013 λιπάσειας,
1227 933 1292 998 562
1307 939 1469 1019 σύμμικτοι
1484 984 1492 999 .
1509 983 1517 999 .
1535 983 1542 998 .
1558 934 1579 1020 ἢ
1594 928 1650 997 ἀπ’

251 1036 365 1118 άνύιχα
395 1040 509 1123 κόψας,
543 1036 595 1101 Al.
621 1036 685 1101 468
713 1060 760 1123 sq.
791 1037 1042 1123 σαπρυνθένιων
1073 1039 1078 1124 Ι
1108 1041 1144 1126 ἠὲ
1187 1037 1241 1104 καὶ
1283 1042 1460 1125 άρρύπτων.
1506 1046 1602 1122 atque
1632 1061 1651 1100 a

250 1140 328 1205 locis
351 1142 405 1226 qui
427 1141 528 1205 ultimi
550 1143 644 1227 positi
667 1152 741 1207 sunt
763 1143 857 1207 facile
880 1142 923 1206 ad
946 1165 1000 1208 eos
1025 1143 1199 1210 deflectere
1219 1166 1398 1230 possumus,
1422 1142 1538 1229 quibus
1557 1143 1650 1227 parti-

253 1248 337 1331 eipia
359 1246 550 1334 particulalp'
573 1249 655 1312 inter
678 1270 713 1312 se
729 1247 959 1313 adnectuntur:
983 1249 1080 1314 Ther.
1097 1248 1171 1333 435,
1188 1248 1261 1331 602,
1278 1246 1450 1333 A1.573.²)
1473 1246 1532 1311 sed
1555 1245 1651 1311 multo

252 1349 412 1414 difficilius
435 1359 484 1416 est
506 1353 585 1416 certi
608 1354 781 1438 quiequam
803 1362 944 1418 statuere
968 1352 1009 1417 de
1031 1353 1109 1418 locis
1131 1353 1228 1418 Ther.
1243 1353 1303 1416 921
1322 1352 1432 1438 sqq.‚³)
1455 1350 1520 1415 930
1542 1349 1651 1436 sqq.‚⁴)

251 1453 482 1541 A1.415s22.⁶)
527 1465 626 1521 restat
649 1466 684 1522 ut
706 1457 864 1522 addamus
893 1461 1057 1523 enuntiata
1084 1457 1276 1523 secundaria
1298 1456 1455 1543 particula
1477 1457 1497 1544 ἤ
1520 1454 1651 1540 adiungi

357 1724 378 1793 1)
397 1727 430 1776 cf.
443 1727 557 1793 append.
571 1728 618 1778 VI.

355 1811 378 1880 ²)
397 1830 449 1879 quo
467 1815 525 1864 loco
544 1815 665 1865 verbalia
683 1830 751 1879 quae
771 1815 897 1866 dicuntur
915 1815 1049 1866 adiectiva
1064 1815 1264 1881 disiunguntn13
1283 1814 1315 1864 cf.
1329 1814 1408 1865 Ther.
1422 1816 1482 1879 662,
1495 1815 1536 1865 Al.
1550 1816 1601 1865 468
1614 1831 1650 1879 sq.

355 1897 377 1966 ³)
397 1898 509 1965 σικύην.
521 1939 527 1951 .
539 1902 641 1968 ,λοιγέι
659 1900 741 1969 τύψει
756 1901 761 1965 l
776 1904 937 1968 προσμάξας
956 1902 999 1954 ίόν
1018 1920 1045 1954 τε
1063 1903 1110 1953 καὶ
1128 1902 1234 1971 ἀθρόον
1252 1896 1322 1969 αἷμα
1336 1901 1470 1967 κενώσεις,
1485 1903 1490 1967 l
1505 1902 1534 1965 dt
1553 1901 1653 1971 κράδης

253 1988 406 2056 γλαγόεντα
414 1986 483 2056 χέας
495 1990 572 2051 ὀπὸν,
592 1988 621 2053 ἠὲ
641 1987 756 2057 σίδηρον
771 1990 776 2054 l
791 1997 951 2057 καυστειρῆς
967 1991 1147 2058 θαλφθεῑσαν
1164 1990 1219 2041 ύπὸ
1231 1988 1369 2058 στέρνοισι
1381 1992 1509 2058 καμίνου.
1528 1990 1562 2040 ad
1575 2006 1652 2056 quem

252 2077 339 2127 locum
351 2076 372 2125 Ι.
387 2077 418 2127 G.
431 2076 577 2127 Schneider
589 2092 643 2126 cur.
657 2082 723 2142 post.
736 2094 761 2142 p.
775 2079 822 2127 271
839 2078 907 2127 haec
925 2078 1046 2129 adnotat:
1066 2075 1129 2140 ‘ubi‚
1146 2078 1258 2129 verbum
1271 2076 1433 2145 προσμάξας
1443 2079 1496 2129 nisi
1507 2078 1653 2143 repetieris,

253 2180 345 2214 sensus
373 2169 413 2214 est
438 2164 617 2229 imperfectus.
655 2180 748 2215 verum
775 2165 802 2214 id
829 2167 986 2231 interposito
1013 2166 1130 2216 membro
1152 2163 1183 2229 ἠέ
1206 2166 1277 2216 ὀπὸν
1299 2164 1401 2234 κράδης
1417 2166 1486 2233 χέας
1512 2166 1653 2230 quominus

253 2251 311 2300 fieri
329 2252 466 2301 commode
487 2253 578 2316 possit,
601 2251 724 2316 impediit
746 2257 839 2317 poeta:
868 2251 952 2302 multo
980 2254 1051 2302 enim
1076 2254 1163 2302 minus
1186 2252 1251 2303 licet
1273 2257 1434 2318 postremum
1457 2258 1485 2303 et
1506 2253 1654 2318 proximum

248 2339 317 2406 χέας
343 2339 377 2389 ad
403 2336 519 2406 σίδηρον
538 2339 718 2405 θαλφθεῐσαν
744 2336 914 2406 adiungere'3
939 2340 987 2390 sed
1013 2355 1072 2390 meo
1098 2340 1206 2405 quidem
1228 2340 1327 2390 iudicio
1351 2337 1513 2409 προσμάξας
1539 2345 1566 2389 et
1586 2339 1654 2405 χέας

253 2427 439 2492 coniungenda
457 2431 519 2476 sunt
536 2427 582 2490 ita,
606 2431 636 2476 ut
657 2427 691 2477 ad
713 2426 838 2483 κενώσεις
861 2428 1018 2491 referantur,
1040 2427 1220 2495 Sulpiciana
1238 2426 1353 2495 σίδηρον
1376 2433 1467 2479 autem
1485 2428 1653 2492 participium

254 2519 294 2563 est
311 2514 437 2564 liberiore
456 2514 532 2564 modo
551 2514 709 2576 adhibitum,
728 2520 758 2564 ut
775 2515 935 2580 respondeat
952 2516 1111 2580 imperativo
1129 2516 1233 2579 θάλπη
1251 2516 1284 2565 cf.
1296 2515 1411 2581 append.
1424 2514 1472 2565 111.

356 2600 378 2667 ⁴)
398 2599 499 2665 δήποτε
527 2601 573 2652 καὶ
594 2599 709 2664 βδέλλας
735 2602 860 2668 κορέσαις
887 2601 933 2652 ἐπὶ
955 2602 1081 2669 τύμμασι
1104 2602 1218 2667 βόσκων,
1236 2604 1239 2664 Ι
1255 2604 1271 2666 ί)
1289 2602 1343 2652 άπὸ
1362 2600 1528 2669 κρομμύόιμι
1549 2599 1654 2658 στάζων

254 2688 331 2750 ὀπὸν,
349 2688 444 2739 aaron
463 2685 489 2738 δ’
508 2689 583 2753 οἴνης
598 2688 603 2755 Ι
617 2687 725 2757 μίγδην
750 2688 779 2739 έν
803 2692 955 2757 ποράθοισι
968 2690 1036 2755 χέας
1057 2688 1145 2757 τρύγα
1175 2690 1355 2758 φαρήσασθαι
1370 2690 1406 2753 Ιι)
1425 2690 1507 2749 ὄξεος.
1526 2704 1578 2752 quo
1597 2688 1655 2736 loco

254 2775 359 2833 στάζων
386 2777 462 2825 libris
488 2777 595 2841 optimis
621 2776 748 2827 traditum
776 2776 857 2843 (unus
883 2778 953 2827 liber
979 2779 1072 2836 στάξει
1094 2779 1212 2842 praebet,
1240 2777 1311 2841 quod
1333 2792 1412 2827 sensu
1436 2782 1516 2838 caret,
1539 2774 1607 2825 alter
1630 2779 1657 2822 et

253 2864 351 2913 Aldina
369 2861 477 2923 στάξειν
496 2879 549 2914 non
568 2866 656 2914 minus
668 2863 801 2930 ineptum)
821 2866 885 2915 item
899 2881 945 2929 pro
959 2866 1099 2929 participio
1119 2865 1245 2915 liberiore
1262 2864 1339 2915 modo
1357 2869 1485 2928 usurpato
1503 2861 1656 2912 habendum

255 2965 311 3000 esse
329 2951 443 3001 videtur.
474 2951 614 3001 Bentleius
632 2957 722 3002 autom
745 2967 760 3002 e
781 2952 897 3001 lectione
915 2950 1008 3011 στάζει
1026 2953 1143 3002 restitnit
1164 2949 1282 3015 στάξειςς
1307 2952 1397 3001 futura
1415 2952 1486 3001 enim
1504 2950 1658 3015 imperativi

254 3038 314 3086 vice
332 3039 419 3102 posita
436 3038 481 3087 hic
499 3038 556 3087 illic
570 3039 641 3103 apud
652 3039 816 3088 Nicandrum
826 3040 962 3103 inveniam
980 3039 1013 3089 cf.
1027 3040 1105 3089 Ther.
1119 3040 1167 3089 661
1177 3039 1360 3107 χραισμήσεις
1372 3038 1480 3105 (collato
1493 3038 1572 3087 Ther.
1584 3034 1657 3100 643),

255 3126 305 3174 928
316 3123 409 3185 ἑλίξεις
419 3124 528 3191 (collato
538 3126 616 3176 Ther.
631 3126 701 3191 933),
719 3126 798 3177 Ther.
813 3128 845 3175 66
863 3132 891 3176 et
908 3128 959 3176 922
978 3123 1114 3183 κεινύσεις
1131 3126 1240 3193 (collato
1249 3126 1289 3175 Al.
1305 3125 1374 3192 140),
1393 3126 1472 3175 Ther.
1485 3125 1536 3173 618
1555 3120 1657 3190 άγρεύ-

255 3226 310 3269 σεις
335 3212 443 3279 (collato
462 3213 541 3264 Ther.
559 3212 629 3279 690),
653 3213 693 3262 Al.
713 3216 763 3263 396
787 3212 840 3278 άὴν
862 3211 1020 3265 ἔσεται...
1039 3213 1225 3283 γεραιρόμενα
1249 3213 1294 3278 (de
1316 3214 1457 3278 participio
1482 3228 1542 3261 cum
1561 3209 1658 3275 copula

255 3292 327 3350 εἶναι
344 3301 486 3350 coniuncto
505 3301 536 3350 ct.
550 3301 679 3351 Kuehner
691 3301 717 3349 II
730 3300 763 3350 36
780 3301 840 3351 adn.
856 3300 891 3366 3).
905 3302 926 3351 I.
940 3301 971 3351 G.
984 3301 1139 3363 Schneider,
1157 3316 1236 3366 quern
1255 3306 1361 3350 secutus
1379 3306 1419 3349 est
1437 3299 1529 3359 Lehrs,
1547 3297 1658 3355 στάζειν

255 3388 357 3452 recepit.
374 3388 416 3437 his
434 3388 579 3438 adnotatis:
602 3384 689 3437 ‘video
708 3404 779 3438 nunc
797 3393 898 3438 temere
917 3388 1037 3438 codicum
1056 3390 1214 3453 scripturam
1232 3388 1341 3453 vulgato
1359 3384 1468 3444 στάζειν
1485 3385 1657 3435 substitutam

255 3489 324 3539 esse;
343 3473 448 3525 laborat
465 3476 536 3525 enim
548 3490 620 3524 nunc
632 3475 773 3525 verborum
785 3481 926 3537 structura,
944 3491 1024 3539 quam
1043 3475 1167 3540 expedire
1185 3491 1239 3524 non
1257 3474 1322 3526 licet
1339 3475 1390 3523 nisi
1412 3474 1527 3523 lectione
1546 3474 1659 3537 antiqua

255 3560 395 3612 restituta'
419 3562 489 3627 quod
507 3562 538 3612 Ο.
557 3562 702 3613 Schneider
719 3562 858 3611 adnotavit
876 3562 1057 3629 φαρήσασθαι
1074 3577 1121 3627 pro
1139 3562 1221 3612 verbo
1244 3560 1319 3611 finito
1342 3576 1408 3624 esse,
1430 3561 1458 3610 id
1475 3560 1536 3609 ideo
1558 3559 1658 3609 falsum

256 3664 313 3700 esse
345 3654 445 3715 putem,
477 3649 547 3714 quod
578 3649 633 3699 ἀπὸ
665 3648 831 3717 κρομμυάφι
863 3647 969 3707 στάζων
992 3649 1065 3698 nullo
1088 3655 1166 3713 pacto
1197 3665 1257 3697 curn
1280 3647 1367 3715 τρύγα
1395 3646 1575 3715 φαρήσασθαι
1595 3662 1659 3695 con·

256 3738 419 3804 iungendum
439 3742 486 3799 est,
505 3736 551 3785 sed
569 3735 621 3786 duo
639 3738 711 3787 inter
728 3752 756 3786 se
775 3737 881 3786 diversa
904 3736 1022 3785 remedia
1045 3735 1159 3785 describi
1180 3736 1318 3800 videntur3
1341 3736 1374 3786 cf.
1393 3734 1552 3784 scholiastae
1574 3734 1660 3783 verba

256 3826 290 3875 ad
307 3843 332 3876 v.
346 3826 406 3886 932,
433 3825 529 3888 quibus
557 3824 591 3873 de
618 3840 756 3889 caprarum
781 3824 956 3873 excrementis
979 3840 1040 3873 cum
1062 3825 1130 3872 aceti
1153 3822 1197 3873 vel
1220 3824 1277 3873 vini
1299 3823 1374 3872 faece
1396 3822 1554 3872 adhibendis
1572 3820 1660 3869 multa

256 3912 338 3962 verba
356 3912 432 3973 liunt,
450 3912 496 3962 sed
514 3927 548 3961 ne
568 3928 650 3960 unum
665 3912 772 3976 quidem
784 3911 896 3961 verbum
916 3911 949 3959 de
967 3926 1050 3975 cepae
1068 3927 1131 3960 suco
1149 3926 1277 3960 unacum
1290 3926 1428 3975 caprarum
1441 3907 1660 3972 limosumend03

256 4000 318 4049 vide
345 4005 483 4065 praeterea
509 3999 641 4049 scholium
668 4000 738 4064 apud
761 4000 781 4049 I.
800 4001 831 4051 G.
850 3998 1041 4049 Schneiderum
1065 4014 1090 4062 p.
1111 3999 1159 4046 124
1182 3999 1228 4047 καὶ
1251 3996 1400 4065 κρομμύου
1424 3998 1493 4047 ὀπὸν
1516 3993 1618 4061 ἔμβαλε
1642 3995 1659 4057 ἢ

257 4086 334 4138 οἴνου
352 4089 398 4138 καί
416 4089 494 4147 ύξοας
513 4085 599 4154 τρύγα
617 4091 705 4154 νεαρῷ
719 4085 917 4152 ἀποπατήματι
935 4086 1013 4151 αἰγὸς
1027 4086 1110 4149 μίξας
1127 4101 1154 4135 τε
1173 4086 1218 4134 καί
1231 4085 1413 4152 μεμιγμένως
1425 4085 1542 4151 ταράξας
1555 4081 1659 4144 ἐπίθες,

257 4191 309 4239 quo
328 4175 385 4225 loco
403 4175 510 4240 singula
529 4174 647 4225 remedia
666 4174 778 4239 singulis
797 4174 887 4223 verbis
905 4173 989 4222 finitis
1007 4172 1178 4222 inducuntur.

244 4319 246 4323 .
360 4260 381 4329 Β)
398 4278 459 4312 nam
485 4264 513 4312 in
531 4280 557 4312 v.
574 4263 624 4310 421
648 4261 680 4312 0.
698 4260 844 4311 Schneider
866 4260 981 4311 traditae
1003 4261 1151 4325 scripturae
1170 4254 1214 4309 οἷα
1233 4259 1298 4309 νέον
1316 4258 1375 4307 loco
1398 4257 1427 4322 ἠὲ
1447 4259 1511 4308 νέον
1534 4257 1659 4316 coniecit,

256 4352 295 4399 ita
313 4354 342 4399 ut
366 4350 551 4417 ἀπειπάμενοι
574 4354 601 4399 et
624 4352 773 4416 φαίνοντες
795 4349 937 4414 partieipia
959 4346 1098 4412 particulis
1116 4348 1132 4411 ἢ
1218 4348 1234 4410 λγ
1252 4346 1385 4395 disiuncta
1407 4347 1478 4394 inter
1500 4360 1528 4394 se
1550 4359 1660 4407 respon-

257 4436 350 4502 deant3
368 4436 414 4487 sed
433 4438 465 4488 de
484 4438 525 4487 his
534 4437 656 4487 versibus
667 4436 827 4503 (416-422)
847 4436 931 4485 fusius
950 4435 1115 4501 disputemus
1133 4449 1241 4483 necesse
1259 4439 1306 4483 est.
1336 4448 1461 4482 versuum
1481 4432 1563 4497 igitur
1577 4429 1660 4495 415s9

256 4527 398 4585 sententia,
417 4526 446 4573 ni
464 4524 550 4588 fallor,
569 4526 636 4573 haec
655 4529 707 4573 est:
727 4520 769 4573 ‘ne
788 4525 846 4588 quis
865 4528 986 4573 ventrem
999 4521 1160 4585 hyoscyamo
1177 4521 1296 4585 impleat,
1315 4519 1385 4584 quod
1399 4520 1502 4569 faciunt
1513 4518 1557 4567 vel
1569 4519 1662 4567 insani

256 4612 301 4663 vel
319 4612 443 4672 infantes,
462 4614 508 4677 qui
526 4612 698 4662 incunabulis
716 4612 828 4661 abiectis
846 4616 986 4676 spretaque
1005 4611 1110 4659 nutrice
1128 4608 1240 4674 pedibus
1264 4610 1343 4657 rectis
1361 4607 1485 4657 incedere
1509 4601 1661 4670 incipiunt?

256 4702 395 4766 hucusque
413 4716 475 4766 ergo
494 4701 583 4749 omnia
601 4699 685 4764 plana
703 4704 776 4764 sunt3
803 4698 849 4749 sed
876 4714 948 4748 nunc
971 4698 1099 4761 sequitur,
1126 4698 1155 4745 in
1178 4712 1230 4760 quo
1253 4710 1334 4759 quam
1351 4697 1467 4745 maxime
1491 4693 1662 4756 offendimus,
