3542 5059
259 199 303 265 34

262 392 376 459 άλλοτε
398 390 456 477 μέν
477 415 513 456 τε
535 394 700 480 ἐφήμενοι,
724 392 840 458 ἄλλοτε
863 393 899 458 δὲ
1004 393 1222 479 ἐπεκήνοθε,1)
1250 392 1302 457 ΑΙ.
1322 393 1383 457 113
1414 392 1527 458 ἄλλοτε
1554 392 1659 476 δόρπα

264 494 458 581 δεδεγμένος,
486 497 600 563 άλλοιε
627 491 656 563 d'
679 495 766 583 οἷ’νης
869 495 1024 582 κορὲοιτο.
1058 520 1301 583 nonnumquam
1323 497 1395 583 plus
1419 497 1494 561 bina
1516 498 1660 562 membra

260 600 452 665 distinentur
479 603 533 683 ita,
556 610 592 665 ut
614 622 671 666 suc
695 601 846 687 quodque
873 601 1055 666 membrum
1086 602 1243 667 adverbio
1272 604 1463 666 instructum
1493 604 1542 666 sit.
1572 605 1660 667 cuius

260 708 387 790 generis
409 706 471 769 loci
495 715 568 770 sunt
590 705 640 771 hi:
672 706 768 769 Ther.
793 706 854 769 172
875 728 944 791 sqq.
969 705 1099 792 (ἄλλοτε
1127 706 1185 790 μὲν
1290 707 1310 794 l)
1332 705 1441 791 περὶῖ)
1548 707 1659 772 ἄλλοτε

344 810 485 876 πολλάκι
510 808 570 896 δε),
595 810 692 874 Ther.
710 810 775 874 534
795 833 864 896 sqq.
891 811 1018 895 (ἄλλοτε
1124 811 1239 876 ἄλλοτε
1262 810 1316 876 καὶ
1421 811 1560 877 πολλάκι
1584 808 1613 878 d'
1627 813 1660 875 ἐν

260 912 367 1001 κοι),3)
397 915 495 979 Ther.
517 915 581 981 653
597 937 643 1000 sq.
669 914 798 1001 (ἄλλοτε
821 913 878 999 μέν
900 939 935 979 τε
959 966 1017 981 ...
1042 915 1156 981 ἄλλοτε
1165 915 1192 1000 4)
1217 965 1275 981 ...
1303 915 1401 1001 rore),
1432 915 1483 979 Al.
1505 915 1569 978 602
1592 938 1658 1001 sqq.

260 1017 388 1105 (ἄλλοτε
503 1020 557 1085 ὁτὲ
664 1020 803 1084 πολλάκι
836 1018 926 1105 de)‚⁵)
968 1042 1104 1106 quorum
1137 1019 1187 1084 his
1220 1020 1323 1085 tribus
1359 1020 1571 1102 substantiva,
1609 1021 1659 1083 illo

262 1122 370 1208 (Ther.
391 1124 452 1187 172
469 1123 552 1209 sqq.)
576 1123 736 1188 adiectiva
760 1127 994 1188 consociantur.
1019 1134 1118 1189 restat
1139 1124 1229 1188 locus
1245 1125 1342 1190 Ther.
1359 1124 1422 1189 256
1439 1147 1485 1211 sq.
1502 1125 1659 1206 versibus,

262 1228 301 1293 de
325 1229 442 1314 quibus
465 1227 559 1292 modo
584 1231 716 1312 egimus7
741 1227 793 1292 Al.
819 1228 879 1292 113
903 1240 935 1292 et
961 1229 1035 1312 507,
1060 1228 1253 1293 simillimus:
1284 1235 1393 1316 χροιὴν
1416 1226 1445 1296 δ’
1465 1230 1578 1295 άλλοιο
1605 1229 1660 1314 μὲν

259 1333 395 1417 μολίβου
411 1331 596 1419 ζοφοοιδὲος
614 1332 709 1417 λὀχει,
731 1334 734 1413 )
755 1333 867 1399 ἄλλοτε
887 1330 918 1400 δ’
932 1335 1114 1420 ἠερόεσοακ,
1138 1329 1219 1419 dr'l)
1243 1334 1378 1400 ἄνθεσιν
1400 1333 1510 1399 εἴσατο
1533 1334 1658 1417 χαλκοῦ.

261 1437 375 1502 decem
395 1437 472 1501 locis
494 1438 606 1503 άλλοτε
629 1460 689 1523 per
710 1460 744 1501 se
768 1437 922 1502 collocato
945 1460 1066 1503 novum
1081 1438 1246 1524 quoddam
1264 1438 1450 1523 adiungitur
1465 1439 1658 1503 membrum:

258 1542 354 1606 Ther.
372 1540 424 1625 82,
440 1541 491 1606 ΑΙ.
509 1542 582 1625 344,
599 1542 662 1606 369
684 1541 815 1628 (quibus
830 1543 1032 1607 substantiva
1046 1545 1130 1608 inter
1146 1565 1180 1607 se
1196 1541 1457 1629 coniunguntur),
1474 1544 1570 1608 Ther.
1587 1542 1659 1625 558,

261 1645 334 1730 925,
351 1645 402 1711 Al.
423 1646 494 1731 141,
512 1646 584 1731 360,
602 1647 675 1730 371,
691 1647 766 1731 476,
783 1646 847 1710 486
863 1645 995 1733 (quibus
1012 1650 1177 1713 enuntiata
1192 1648 1431 1733 conectuntur);
1455 1648 1540 1713 XIII
1553 1658 1661 1712 autem

258 1750 336 1815 locis
369 1751 483 1817 ἄλλοτε
518 1749 554 1817 δέ
586 1753 749 1816 invenitur
778 1754 832 1837 ita,
867 1761 903 1817 ut
932 1752 1034 1817 verba
1063 1753 1226 1818 addantur
1255 1753 1305 1817 his
1334 1751 1466 1838 lociszl)
1500 1752 1597 1817 Ther.
1618 1752 1658 1815 37

261 1853 435 1940 (aunarium
544 1856 658 1922 ἄλλοτε
686 1857 721 1922 δὲ
745 1907 803 1922 ...
829 1855 952 1942 δαίων),
984 1857 1049 1921 436
1080 1856 1261 1944 (χολοειδέα
1372 1858 1485 1923 άλλοτε
1514 1853 1544 1924 d'
1564 1850 1660 1940 αλμο-

259 1958 396 2046 adorco),
420 1959 492 2044 879,
522 1960 574 2025 ΑΙ.
595 1961 657 2024 427
690 1969 838 2047 (unoque
869 1962 939 2026 loco
970 1962 1096 2049 subst.)
1128 1963 1193 2027 560
1224 1962 1328 2049 (adi),
1361 1964 1525 2027 enuntiata
1554 1971 1660 2026 autem

260 2065 441 2129 adiciantur
477 2064 528 2129 his
561 2065 653 2130 locis:
689 2066 785 2131 Ther.
810 2065 883 2150 239,
909 2065 981 2150 872,
1007 2067 1080 2149 931,
1111 2067 1162 2132 Al.
1187 2066 1240 2151 53,
1264 2066 1338 2150 309,
1361 2066 1436 2152 462,
1459 2067 1534 2151 493,
1558 2065 1661 2151 4893)

260 2178 429 2256 praeterea
461 2170 588 2234 duobus
622 2170 700 2234 locis
731 2170 798 2257 (Al.
822 2170 863 2234 69
892 2179 925 2235 et
954 2170 1030 2257 121)
1065 2174 1229 2236 enuntiata
1261 2171 1426 2256 particulis
1460 2171 1573 2237 άλλοιε
1607 2168 1662 2236 κοιι1

260 2276 420 2360 primibus
454 2274 683 2360 adiunguntur.
729 2284 829 2340 restat
858 2284 894 2340 ut
926 2275 1023 2360 locos,
1058 2276 1176 2361 quibus
1206 2275 1351 2340 membro
1385 2276 1513 2340 cuidam
1542 2274 1662 2360 aliquot

261 2380 323 2445 alia
346 2380 561 2446 adnectuntur
583 2380 740 2446 adverbio
763 2380 877 2445 dibitove
901 2390 956 2444 aut
977 2382 1090 2444 iterato
1113 2390 1169 2444 aut
1191 2384 1351 2445 unacum
1366 2379 1435 2444 aliis
1452 2382 1520 2444 eius
1534 2380 1662 2464 generis

260 2484 425 2550 adverbiis
453 2485 605 2569 adhibito,
638 2507 879 2549 enumeremus:
911 2485 1009 2549 Ther,
1030 2485 1074 2549 43
1091 2508 1137 2570 sq.
1159 2485 1273 2550 ἄλλοτε
1379 2485 1494 2550 άλλοτο
1518 2482 1564 2564 δέ,
1598 2483 1661 2546 236

261 2590 375 2655 άλλοιε
399 2590 435 2655 δὲ
458 2638 516 2656 ...
540 2592 612 2655 τοτὲ
639 2588 713 2673 de',⁹)
745 2589 796 2653 Al.
818 2589 882 2652 234
910 2589 1025 2655 ἄλλοτε
1053 2590 1088 2655 δὲ
1111 2640 1170 2655 ...
1193 2588 1277 2670 κοτέ,
1307 2588 1381 2673 457,
1412 2589 1467 2653 ubi
1494 2590 1663 2675 participia

262 2697 345 2758 inter
375 2718 409 2759 se
440 2695 676 2780 disiunguntur,
707 2695 869 2782 πλήσσων,
899 2692 902 2779 )
930 2693 1044 2759 άλλοκε
1076 2689 1106 2759 δ’
1126 2694 1282 2778 spretor,
1312 2696 1387 2759 τοτὲ
1416 2695 1452 2760 δὲ
1479 2699 1662 2759 κνώσσοντα

262 2799 441 2880 σαλάοοωιι,
465 2800 581 2885 quibus
605 2799 683 2864 locis
706 2799 853 2864 omnibus
876 2798 989 2882 verba,
1013 2821 1076 2863 non
1099 2801 1264 2863 enuntiata
1287 2797 1522 2883 adiciuntur.¹⁰)

303 2986 310 2999 ι
367 2903 518 2990 Sequitur
548 2904 714 2988 πολλάκις,
746 2903 832 2989 quod
864 2903 978 2967 eodem
1008 2903 1103 2968 modo
1134 2912 1230 2988 atque
1259 2903 1374 2969 λλλλοτο
1402 2912 1591 2988 usurpatum
1618 2904 1661 2965 vi-

263 3008 386 3073 demus.
432 3011 570 3094 primum
597 3011 693 3095 igitur
720 3008 867 3073 adferam
894 3007 991 3088 locos,
1023 3007 1138 3093 quibus
1166 3008 1243 3073 bina
1270 3007 1417 3072 membra
1446 3010 1490 3072 ita
1516 3009 1600 3072 inter
1627 3029 1662 3069 se

262 3113 468 3199 respondent,
501 3123 537 3178 ut
563 3137 662 3178 unum
689 3113 823 3178 πολλάκι
856 3115 1045 3196 instruatur,
1081 3113 1173 3178 alteri
1203 3117 1279 3177 item
1308 3112 1448 3178 πολλάκι
1477 3111 1530 3176 vel
1560 3110 1662 3175 simile

368 3393 389 3461 ¹)
409 3395 519 3445 eandem
543 3396 741 3459 responsionem
765 3394 871 3460 (άλλοτε
889 3395 944 3461 μέν
967 3409 995 3444 τε
1082 3393 1178 3444 ἄλλοτε
1197 3392 1241 3459 δέ)
1263 3394 1386 3444 invenies
1406 3397 1434 3444 Φ
1449 3391 1539 3458 46416,
1559 3392 1586 3441 Ω
1602 3394 1664 3452 530,

262 3484 335 3533 Aret.
349 3484 399 3532 978
417 3498 467 3547 sq.;
487 3482 519 3531 cf.
539 3489 677 3547 praeterea
689 3485 720 3531 Λ
737 3482 799 3545 64λὸ
823 3481 877 3548 (ὁτὲ
902 3482 956 3543 μέν
979 3497 1007 3531 τε
1027 3522 1052 3533 ..
1069 3521 1073 3531 .
1093 3481 1189 3531 άλλοτε
1209 3479 1265 3546 δέ),
1287 3481 1313 3531 h.
1329 3481 1407 3530 Hom.
1421 3479 1507 3545 Apoll.
1525 3479 1538 3528 I
1558 3481 1605 3527 141
1625 3494 1663 3542 sq.

264 3570 370 3636 (άλλοτε
388 3571 442 3635 μέν
461 3586 489 3620 τε
575 3569 670 3619 ἄλλοτε
690 3565 715 3618 d’
729 3559 788 3634 αὖ);
808 3567 826 3618 d
846 3571 903 3629 102,
922 3584 934 3618 ε
954 3571 1001 3618 331
1024 3569 1130 3635 (ἄλλοτε
1148 3569 1203 3635 μέν
1221 3584 1249 3619 τε
1269 3608 1316 3618 ...
1335 3568 1431 3619 ἄλλοτε
1451 3564 1476 3617 d'
1490 3557 1574 3631 αὖτε).

367 3655 389 3723 ²)
407 3660 446 3707 sic
464 3662 499 3720 Π,
518 3658 613 3707 diluas
633 3659 722 3707 ceteri.

366 3741 388 3810 ³)
408 3760 460 3809 quo
478 3743 536 3794 loco
555 3760 659 3809 semper
677 3744 766 3809 pluras
786 3743 929 3809 particulas
949 3744 1047 3808 positas
1065 3744 1194 3793 videmus.

366 3829 388 3897 ⁴)
408 3832 440 3882 cf.
454 3832 517 3882 Hes.
530 3832 598 3897 Opp.
612 3832 662 3880 552
682 3831 788 3897 (liltore
807 3832 861 3897 μέν
880 3846 908 3880 τε
994 3829 1110 3895 liltore).

367 3916 389 3985 5)
408 3918 455 3967 ubi
474 3918 635 3969 disiunctiva
653 3920 780 3969 adverbia
799 3919 982 3984 copulativum
1000 3919 1031 3967 τέ
1048 3918 1175 3981 sequitur.

368 4004 390 4071 ⁶)
408 4021 470 4056 narn
488 4006 558 4054 hane
576 4006 726 4068 lectionem,
749 4022 829 4070 quam
849 4006 932 4055 codex
951 4006 1104 4054 Marcianus
1124 4005 1170 4070 (V)
1190 4018 1305 4069 quoque,
1328 4002 1467 4052 deterioris
1484 4008 1563 4052 notae
1585 4001 1666 4060 liber,

265 4093 380 4152 exhibet,
399 4109 432 4161 er
450 4092 512 4142 libri
531 4096 562 4142 Π
576 4094 707 4158 scriptura
725 4093 856 4160 ἠερόεσσα
877 4089 916 4141 ὅτ’
935 4109 988 4141 non
1012 4093 1100 4140 minus
1119 4092 1181 4140 elici
1199 4105 1276 4155 posse
1294 4091 1415 4139 existimo
1434 4104 1513 4152 quam
1532 4088 1665 4156 ἠεράεσσιι

264 4176 329 4243 τότ’,
349 4195 427 4244 quam
446 4180 613 4229 durissimam
632 4179 775 4230 lectionem
794 4181 825 4230 0.
839 4180 985 4230 Schneider
1003 4179 1071 4228 libro
1090 4178 1259 4243 Gottingensi
1277 4178 1359 4226 fretus
1378 4176 1471 4240 edidit3
1492 4176 1513 4224 1.
1528 4176 1558 4226 G.
1572 4180 1665 4225 autem

265 4266 411 4316 Schneider
429 4274 455 4317 et
473 4268 558 4317 Lehrs
571 4267 684 4317 Aldinae
703 4270 859 4331 scripturam
879 4267 1009 4334 ἠερόεντα
1027 4262 1084 4316 τότ’
1096 4270 1263 4331 receperunt.

369 4350 391 4418 ⁷)
408 4354 437 4402 hi
455 4354 508 4403 loci
527 4356 565 4404 ita
583 4357 728 4420 comparati
746 4359 816 4414 sunt,
834 4360 865 4404 ut
883 4354 979 4404 ἄλλοτε
997 4356 1052 4420 μέν
1070 4359 1160 4403 mente
1177 4352 1355 4418 supplendum
1372 4353 1414 4402 sit.

368 4438 389 4506 ⁸)
409 4456 461 4505 quo
479 4441 538 4490 loco
559 4441 720 4491 monendum
743 4440 848 4490 videtur
870 4456 917 4505 pro
941 4440 1036 4490 άλλοτε
1060 4438 1091 4489 di
1113 4438 1217 4507 βράκοι,
1241 4439 1311 4504 quod
1334 4443 1513 4504 expectamus,
1535 4440 1666 4503 scripturn

265 4542 322 4578 esso
339 4526 435 4596 βράκοι
453 4524 479 4577 d'
492 4527 600 4591 diluam
620 4528 652 4577 cf.
667 4527 779 4577 41305,

368 4614 390 4681 ⁹)
409 4615 537 4665 hocloco
556 4617 670 4681 primum
690 4616 837 4665 membrum
857 4614 931 4665 λίπει
949 4614 1050 4670 εἴκελος
1067 4628 1124 4664 esse
1143 4614 1255 4663 videtur.

358 4701 390 4771 ¹⁰)
409 4703 442 4752 de
461 4704 557 4767 quibus
575 4702 641 4751 loeis
660 4701 691 4751 cf.
711 4702 790 4751 huius
809 4704 924 4768 paginae
941 4702 1002 4753 adn.
1017 4704 1039 4754 7.
