3542 5059
744 999 1035 1082 Praefatio.

291 1238 331 1338 E
348 1272 454 1336 multis
470 1272 625 1338 Nicandri
641 1277 797 1359 poematis
817 1285 946 1361 praeter
965 1298 1070 1361 pauca
1092 1278 1221 1340 maioris
1244 1274 1383 1340 ambitus
1405 1274 1586 1360 fragmenta

186 1400 204 1440 e
229 1376 396 1461 Georgicis
428 1377 581 1463 decerpta
612 1381 815 1465 minoresque
846 1378 997 1464 reliquias
1027 1402 1091 1443 non
1113 1380 1185 1465 plus
1209 1379 1273 1443 duo
1297 1382 1439 1443 carmina
1460 1382 1586 1465 integra

185 1480 230 1544 ad
255 1490 398 1545 nostram
426 1484 612 1547 memoriam
641 1493 838 1566 manserunt,
870 1483 1030 1547 Theriaca
1061 1492 1093 1546 et
1122 1483 1405 1569 Alexipharmaca.
1452 1505 1586 1569 quorum

185 1585 238 1649 illo
254 1585 297 1649 ad
311 1587 612 1651 Hermesianaetem
627 1590 722 1652 misso
747 1587 788 1651 de
811 1588 953 1652 ferarum
977 1597 1209 1652 venenatarum
1230 1588 1388 1652 morsibus
1412 1611 1586 1674 eorumque

186 1690 337 1755 remediis
367 1693 474 1777 agitur
503 1697 557 1773 ita,
588 1701 622 1756 ut
651 1695 789 1778 primum
812 1691 853 1755 de
877 1691 1079 1777 serpentibus
1102 1702 1198 1778 atque
1223 1691 1263 1756 de
1285 1692 1453 1757 medicinis
1477 1703 1587 1757 contra

187 1818 299 1860 earum
322 1798 405 1860 ictus
428 1795 621 1860 adhibendis
646 1797 865 1883 exponatur,1)
889 1807 957 1861 tum
983 1797 1023 1861 de
1046 1798 1237 1883 phalangiis,
1262 1797 1491 1883 scorpionibus,
1518 1797 1587 1861 reli-

187 1902 259 1986 quis
282 1904 449 1965 venenatis
473 1901 662 1966 animalibus
684 1900 882 1987 (715-836)
907 1924 946 1966 ac
970 1902 1009 1966 de
1032 1901 1215 1966 morborum
1240 1926 1282 1966 ex
1305 1925 1415 1966 eorum
1430 1901 1588 1966 morsibus

187 2015 416 2091 conceptorum
433 2008 597 2070 sanatione
614 2004 690 2093 (837
708 2005 792 2092 sqq.)
809 2029 913 2070 sermo
936 2008 1002 2071 fiat.
1038 2006 1124 2092 quod
1148 2029 1279 2071 carmen
1300 2008 1344 2071 ita
1368 2015 1588 2091 comparatum

116 2119 120 2127 '
187 2118 246 2192 est,
269 2119 305 2173 ut
326 2108 471 2195 legentes
494 2133 618 2174 morsus
641 2110 783 2174 ferarum
805 2114 909 2175 vitare
932 2134 971 2175 ac
995 2110 1103 2175 bestiis
1126 2111 1204 2175 laesi
1226 2112 1370 2175 remedia
1385 2133 1511 2175 sumere
1527 2114 1588 2197 ipsi

186 2213 368 2278 iubeantur,
415 2224 526 2278 contra
549 2238 568 2277 a
591 2215 756 2279 Theriaeis
772 2214 1047 2301 Alexipharmaca
1063 2216 1259 2301 Protagorae
1282 2216 1411 2280 cuidam
1425 2212 1588 2301 Cyziceno

186 2320 350 2404 inscripta,
375 2318 492 2403 quibus
513 2319 553 2383 de
573 2322 707 2383 venenis
727 2322 858 2406 inpetu
879 2320 992 2385 cibove
1012 2320 1133 2384 homini
1150 2320 1231 2384 datis
1248 2343 1423 2406 eorumque
1438 2320 1589 2385 remediis

186 2431 283 2507 poeta
306 2426 464 2509 exposuit,
493 2427 536 2488 ita
560 2424 722 2509 differunt,
745 2434 781 2489 ut
803 2425 935 2510 singulis
957 2427 1091 2489 venenis
1113 2425 1268 2508 remedia,
1292 2425 1408 2511 quibus
1432 2425 1589 2489 adversus

187 2550 228 2591 ea
257 2528 412 2592 utendum
445 2540 502 2613 est,¹
534 2529 761 2614 adiungantur,
792 2552 831 2593 ac
854 2530 1046 2614 Protagoras
1072 2529 1124 2594 ille
1147 2552 1211 2593 non
1234 2532 1303 2615 ipse
1326 2532 1459 2594 venenis
1482 2530 1588 2593 laesus

186 2632 338 2716 fingatur,
362 2632 420 2697 sed
436 2633 517 2717 aliis,
541 2636 595 2719 qui
610 2633 664 2697 illa
680 2644 756 2719 potu
772 2637 942 2698 temerario
958 2635 1132 2717 hauserint,
1155 2634 1383 2698 medicaturus.
1417 2644 1589 2720 utrumque

185 2738 285 2821 igitur
315 2760 447 2802 carmen
474 2761 538 2802 non
565 2748 631 2801 tam
654 2741 788 2802 materia
811 2749 907 2824 atque
930 2748 1119 2826 argumento
1143 2761 1239 2824 quam
1263 2738 1468 2823 dispositione
1491 2748 1589 2824 atque

186 2843 383 2907 institutione
411 2865 519 2906 rerum
547 2851 756 2907 tractatarum
783 2845 866 2907 inter
894 2866 928 2907 se
952 2843 1071 2907 distare
1094 2842 1252 2908 videmus.
1298 2843 1425 2907 accedit
1449 2842 1535 2928 quod
1558 2845 1591 2906 in

187 2946 320 3011 dicendi
336 2969 462 3033 quoque
478 2970 608 3032 genere,
633 2949 780 3033 quamvis
795 2950 828 3011 in
845 2958 980 3033 utroque
1004 2950 1145 3011 carmine
1167 2950 1201 3011 in
1223 2950 1409 3011 universum
1433 2949 1592 3033 spectanti

185 3050 275 3115 idem
307 3074 375 3117 esse
406 3052 565 3135 videatur,
603 3052 738 3137 pusillae
776 3061 885 3116 tamen
915 3056 1023 3117 insunt
1052 3055 1134 3117 inter
1164 3052 1324 3116 Theriaca
1354 3062 1451 3138 atque
1480 3051 1591 3116 Alexi-

185 3155 364 3241 pharmaca
392 3156 667 3243 discrepantiae,²)
696 3157 812 3243 quibus
839 3157 971 3242 probari
997 3157 1126 3221 videtur
1149 3159 1292 3221 carmina
1314 3156 1368 3220 illa
1390 3178 1453 3219 non
1477 3156 1590 3219 eodem

187 3269 333 3345 tempore
357 3263 547 3347 conscripta,
576 3261 634 3325 sed
657 3261 933 3347 Alexipharmaca
956 3262 1117 3347 aliquanto
1140 3270 1212 3348 post
1234 3261 1393 3325 Theriaca
1415 3262 1591 3345 composita

188 3365 299 3450 esse,³)
323 3368 512 3451 praesertim
536 3388 609 3430 cum
632 3368 665 3430 in
685 3366 968 3451 Alexipharmacis
991 3365 1150 3451 quaedam
1171 3364 1326 3430 formulae
1341 3364 1590 3450 locutionesque,

185 3468 288 3533 veluti
309 3468 364 3535 καί
385 3494 420 3535 τε
444 3475 482 3535 σύ
503 3468 575 3556 (ys),
599 3468 654 3536 καί
675 3496 737 3551 κεν,
762 3472 842 3537 ἀλλὰ
870 3476 909 3536 σύ
930 3470 1000 3558 (γε),
1024 3474 1060 3558 ὴὲ
1083 3476 1121 3536 σύ
1143 3469 1203 3556 (γε)
1226 3469 1412 3556 frequentes
1439 3480 1591 3555 certoque

188 3574 319 3638 consiho
357 3574 521 3639 adhibitae
557 3577 772 3659 inveniantur,
809 3599 892 3661 quae
928 3580 960 3640 in
992 3576 1159 3640 Theriaeis
1190 3574 1319 3639 dicendi
1353 3596 1414 3639 usu
1448 3574 1591 3639 nondum

294 3745 316 3814 ²)
334 3764 386 3813 quo
404 3754 561 3815 argumento
580 3752 706 3800 carminis
724 3750 808 3800 multo
831 3752 917 3801 maior
938 3766 998 3815 pars
1021 3752 1084 3801 inde
1107 3752 1141 3800 ab
1164 3752 1242 3800 initio
1265 3751 1321 3799 fere
1339 3765 1423 3814 usque
1442 3750 1520 3800 adv.
1540 3752 1591 3801 714

188 3836 321 3902 expletur,
345 3838 383 3887 ita
405 3842 435 3886 ut
457 3853 473 3887 a
496 3839 621 3887 carminis
643 3838 721 3887 initio
745 3853 830 3902 usque
853 3838 887 3888 ad
905 3856 931 3888 v.
949 3839 1001 3887 492
1023 3843 1158 3903 serpentes
1180 3838 1373 3898 describantur,
1392 3837 1488 3886 deinde
1506 3853 1591 3902 usque

186 3924 222 3974 ad
241 3941 266 3973 v,
286 3925 336 3973 714
355 3924 472 3974 remedia
491 3931 689 3975 enumerentur.

294 4008 317 4076 ²)
334 4011 420 4061 veluti
439 4017 468 4060 ut
487 4028 569 4061 unum
587 4016 692 4061 tanturn
710 4012 761 4061 hoc
779 4011 837 4061 loco
856 4011 989 4077 proferam
1008 4011 1168 4076 exemplum,
1191 4010 1341 4061 infinitivus
1364 4028 1411 4076 pro
1433 4012 1591 4076 imperativo

189 4100 219 4148 in
232 4098 312 4148 Ther.
330 4096 467 4159 XXXVW,
486 4100 514 4148 in
527 4099 568 4149 Al.
588 4115 642 4148 non
660 4100 719 4164 plus
739 4105 833 4163 quater
851 4100 1001 4162 adhibetur,
1020 4105 1112 4149 eontra
1131 4100 1265 4163 optativus
1283 4099 1376 4148 eadem
1395 4100 1498 4149 ratione
1517 4116 1591 4149 usur-

188 4190 269 4252 patus
287 4188 315 4235 in
334 4186 413 4236 Ther.
433 4184 596 4250 XXXXV¹⁰⁸,
615 4187 643 4235 in
662 4186 703 4235 Al.
723 4184 846 4236 exmia.

294 4270 317 4338 ³)
336 4273 369 4322 ad
388 4288 468 4338 quam
486 4275 646 4323 sententiam
666 4274 887 4337 comprobandam
914 4273 969 4323 alia
992 4274 1096 4323 accedit
1120 4288 1169 4333 res,
1194 4288 1273 4337 quam
1296 4289 1350 4322 non
1373 4274 1591 4338 praetermittam.

189 4361 290 4411 etenim
320 4362 349 4409 iu
371 4360 411 4411 Al.
435 4366 511 4426 parte
538 4360 635 4411 ultima
661 4362 699 4410 sic
721 4361 754 4411 de
777 4376 805 4411 se
828 4360 946 4425 loquitur
973 4361 1118 4410 Nicander:
1148 4359 1321 4426 ὑμνοπόλοιο
1339 4400 1345 4412 .
1363 4398 1369 4410 .
1389 4399 1394 4409 .
1422 4358 1592 4429 Νικάνδροιο

188 4450 310 4515 μνῆστιν
328 4444 399 4513 ἔχοις
420 4448 468 4497 ίΙΙο
485 4450 542 4498 siue
555 4448 635 4498 dubio
655 4449 782 4509 carmine,
801 4448 871 4511 quod
893 4448 926 4497 ad
944 4448 1063 4497 Attalum
1082 4449 1199 4510 tertium,
1218 4448 1341 4512 Pergami
1359 4462 1459 4512 regem,
1476 4450 1592 4511 miserat,

188 4539 311 4601 respecto
334 4534 378 4601 (cf.
398 4535 429 4584 fr.
450 4537 500 4585 104
518 4537 547 4584 in
567 4535 597 4585 Ο.
616 4536 773 4585 Schneideri
796 4534 924 4600 editione)
956 4536 1080 4600 quodque
1107 4541 1186 4600 poeta
1208 4537 1265 4599 ipse
1292 4536 1421 4599 hymnum
1445 4536 1593 4601 appellavit

189 4618 271 4689 (μηδ’
283 4622 426 4687 differamur
439 4619 485 4673 ἀπ’
500 4620 598 4681 οὔατος
613 4622 705 4690 ὕμνον
724 4620 838 4692 ἐρύξῃς),
860 4624 887 4671 in
907 4625 1031 4672 extremis
1043 4628 1133 4672 autem
1146 4623 1336 4671 Theriacorum
1354 4623 1476 4672 versibus
1499 4622 1591 4671 eadem

188 4711 248 4761 lere
259 4710 396 4760 locutione
408 4726 471 4761 usus
485 4706 645 4779 Ὁμηρείοιο
659 4751 663 4759 .
680 4750 684 4761 .
700 4750 705 4760 .
725 4708 894 4777 Νικάνδροιο
905 4711 970 4759 dicit
986 4712 1024 4760 ita
1037 4718 1067 4760 ut
1080 4710 1260 4775 Colophonem
1273 4710 1455 4760 tantummodo
1469 4710 1592 4774 patriam,

1404 4799 1436 4845 1*
