3542 5059
263 199 304 263 26

262 390 456 479 περιτρέφει,
480 397 498 482 ι)
523 394 558 459 δέ
580 398 704 475 βαθεῖα
724 392 729 478 Ι
748 390 803 457 καὶ
824 394 935 482 ῥαδινι)
959 393 1134 479 ὑπένερθεν
1159 394 1288 472 ἀέξεται
1309 396 1400 462 οόάεϊ
1418 395 1490 482 ῥίζα
1513 398 1661 462 versibus

262 495 326 562 503
353 521 422 584 sqq.
454 497 657 563 simfflimum.
695 496 747 562 Al.
779 508 887 562 autem
918 500 1074 564 eiusmodi
1104 500 1190 564 locos
1220 501 1379 585 praebent
1407 501 1482 566 hos:
1514 502 1566 586 78,
1586 502 1660 586 224,

263 603 336 686 244,
357 602 430 686 281,
463 602 577 689 quibus
605 602 662 687 μέν
690 603 949 667 demonstrativis
977 608 1187 690 postpositum
1215 615 1273 689 est,
1303 605 1403 669 veluti
1430 606 1492 669 281
1521 617 1578 672 τοῦ
1604 607 1662 691 μὲν

262 710 325 772 ὑπὸ
348 709 492 795 γλώσσης
513 707 625 786 νέατος
646 712 831 794 τρηχύνεται
853 709 946 788 ὁλκὸς
965 709 970 794 Ι
988 708 1102 794 νέρθεν
1124 708 1359 797 ἐπιφλεγέθων,
1383 715 1420 776 τό
1441 709 1478 777 δέ
1495 705 1528 777 ολ
1550 715 1662 796 ἀμπά-

261 810 351 890 ζεται
373 810 459 900 ἦτορ,
481 812 485 895 i
505 811 679 899 λυσσηθεὶς
704 814 850 896 γλῶσσαν
880 815 915 880 δὲ
945 813 1117 900 καταπρίει
1155 816 1337 900 κυνόόοντι;
1376 815 1462 880 adde
1493 816 1566 901 337,
1587 816 1661 902 378,

262 916 335 999 399,
356 917 431 1001 470,
456 918 530 1001 474,
569 921 603 982 in
641 918 755 1003 quibus
794 919 941 983 omnibus
973 919 1088 984 eadem
1121 920 1189 984 fere
1219 920 1356 984 formula
1387 924 1581 1007 conspicitur
1618 923 1662 985 ita

263 1022 471 1105 conformata,
500 1033 535 1087 ut
558 1022 807 1087 demonstrativo
836 1047 910 1088 curn
935 1024 1093 1109 particula
1115 1027 1187 1112 ἤτοι
1211 1028 1390 1109 coniuncto,
1418 1026 1504 1112 quod
1531 1048 1663 1090 versum

262 1126 401 1211 incohat,
433 1127 669 1192 substantivum
700 1128 752 1192 vel
778 1129 974 1193 adiectivum
1003 1130 1197 1215 adiungatur
1218 1131 1334 1195 vocula
1364 1129 1421 1216 μέν
1450 1130 1626 1196 accedente
1638 1131 1662 1215 ¹)

263 1269 305 1277 -
322 1255 385 1316 qua
408 1254 443 1295 re
460 1232 585 1317 singula
607 1232 808 1297 hemistichia
832 1233 947 1319 (usque
967 1233 1010 1297 ad
1026 1258 1195 1300 caesuram
1217 1235 1427 1322 trochaicam)
1452 1237 1566 1300 effecta
1590 1244 1664 1299 sunt

262 1374 315 1418 -,
340 1336 439 1401 veluti
460 1336 525 1399 474
548 1344 611 1401 τῶν
642 1339 715 1423 η’τοι
745 1337 875 1424 ζοφόεις
904 1340 962 1422 μὲν
991 1338 1061 1403 ἐπὶ,
1078 1341 1172 1422 χλόος
1201 1336 1319 1426 έδραμε
1348 1339 1448 1423 γυίοις
1471 1340 1476 1425 Ι
1500 1342 1661 1426 ἰκτερόεις,

263 1444 375 1526 σάρκες
399 1440 434 1506 da*
456 1440 531 1526 περὶ
554 1442 715 1528 σταλάόην
736 1444 910 1527 μινύθουσι
930 1446 934 1525 )
954 1445 1133 1529 τηκόμενοι,
1157 1446 1175 1510 ό
1202 1445 1237 1509 dd
1261 1445 1367 1530 δόρπα
1388 1443 1586 1529 κατέστυμεν.

365 1546 461 1609 Nunc
488 1547 530 1609 ad
554 1569 607 1609 eos
631 1569 688 1610 nos
712 1557 937 1611 convertamus
963 1548 1059 1631 locos,
1091 1550 1207 1633 quibus
1235 1548 1293 1635 μέν
1320 1558 1350 1613 et
1382 1548 1417 1615 όέ
1444 1552 1488 1614 ita
1514 1552 1598 1615 inter
1627 1572 1662 1613 se

263 1650 468 1735 respondent,
492 1662 527 1715 ut
549 1675 601 1715 res
625 1654 803 1716 contrariae
826 1663 882 1716 aut
905 1653 1051 1716 membra
1075 1653 1123 1717 bis
1138 1654 1191 1718 vel
1213 1654 1332 1739 pluries
1354 1655 1506 1740 partitat)
1530 1657 1613 1719 inter
1627 1678 1663 1718 se

263 1756 503 1840 opponantur.³)
550 1766 645 1841 atque
679 1755 761 1819 illius
796 1760 925 1841 generis
959 1769 1034 1822 sunt
1066 1757 1128 1821 loci
1156 1759 1252 1823 Ther.
1275 1759 1348 1841 212,
1370 1759 1471 1844 231,⁴)
1493 1760 1567 1843 355,
1588 1760 1662 1844 386,

264 1860 338 1943 514,
361 1860 435 1943 674,
458 1860 630 1946 Α1.175,5)
655 1861 728 1945 335,
750 1862 822 1945 467,
845 1861 909 1925 540
933 1855 1032 1948 (αἶψα
1054 1864 1112 1948 μὲν
1136 1915 1142 1926 .
1162 1916 1193 1927 ..
1218 1865 1269 1949 ἂψ
1292 1863 1356 1949 δέ),
1381 1864 1455 1927 huic
1478 1873 1586 1929 autem
1610 1865 1663 1929 ad·

264 1964 456 2028 numerandi
479 1975 553 2029 sunt
575 1966 672 2029 Ther.
690 1964 730 2028 78
758 1969 878 2051 τὰμὲν
902 2019 959 2031 ...
983 1967 1063 2031 άλλα
1087 1965 1140 2048 dd,-
1173 1968 1234 2031 150
1260 1977 1324 2033 τῶν
1350 1963 1461 2052 οἱμὲν
1485 2021 1491 2033 .
1511 2022 1543 2033 ..
1567 1970 1664 2048 άλλος

263 2064 355 2133 όάὖ
460 2070 546 2155 άλλη)
570 2066 678 2135 d'...
703 2069 817 2148 πολέες
840 2066 881 2151 δ’,
904 2070 968 2133 242
991 2066 1187 2154 αλμὲν...
1212 2066 1247 2136 αλ
1270 2071 1321 2153 di,-
1345 2072 1529 2154 2603μὲν
1554 2075 1661 2139 ...ὁ

263 2169 293 2238 d'
316 2171 372 2255 αό,·
408 2174 471 2237 548
502 2172 591 2260 ῥίζαν
625 2176 836 2260 ἐρυσσάμενος
869 2179 907 2239 τό
942 2178 999 2260 μὲν
1025 2174 1111 2260 ἕρκεϊ
1141 2176 1269 2261 θρέψεν
1301 2177 1443 2242 ὀδόντων
1469 2176 1474 2261 Ι
1501 2178 1661 2263 θηλάζων,

262 2282 299 2342 τὸ
331 2278 366 2344 δὲ
396 2277 516 2357 πέσκος
544 2279 586 2367 ἑῷ
617 2278 692 2364 περὶ
721 2281 883 2361 κάββαλεν
912 2279 1046 2365 tamo)
1077 2281 1139 2344 657
1167 2281 1185 2346 ὁ
1208 2283 1266 2364 μὲν
1370 2285 1426 2346 τὸν
1453 2277 1482 2348 d‘
1508 2281 1662 2368 έτερον;7)

263 2382 327 2446 664
355 2392 419 2447 τῶν
449 2384 487 2469 dr)
517 2383 648 2471 κυανέην
676 2386 733 2470 μὲν
837 2394 893 2472 τῆς
923 2379 953 2451 d'
983 2386 1064 2465 dod,-
1097 2385 1156 2447 771
1189 2394 1253 2449 τῶν
1282 2388 1353 2472 ἤτοι
1383 2387 1491 2465 λευκός
1522 2386 1580 2471 μὲν

264 2491 385 2572 πυρσὸς
413 2482 442 2553 d'
466 2541 471 2552 .
492 2541 522 2553 ..
548 2492 645 2574 αὐτὰρ
676 2491 697 2553 ό
724 2511 757 2571 με
787 2488 916 2577 ζοφόεις
1022 2490 1117 2568 άλλος
1148 2491 1182 2555 δέ
1290 2492 1386 2569 άλλος
1408 2487 1438 2557 d’
1462 2543 1468 2556 .
1488 2544 1494 2555 .
1514 2544 1519 2555 .
1543 2494 1599 2556 τὸν
1633 2487 1664 2556 d'

265 2590 405 2677 ἕτερον8)
516 2593 607 2657 άλλοι
639 2590 668 2659 d'
691 2591 732 2658 αά
836 2596 892 2658 τὸν
923 2595 957 2660 δὲ
988 2592 1183 2680 μελίχλωρον
1289 2593 1443 2677 ἔχθιστος
1473 2592 1515 2674 d'‚·
1552 2595 1614 2659 949
1646 2596 1663 2661 ὁ

264 2698 321 2779 μὲν
426 2698 444 2762 ό
468 2694 521 2779 δέ,
547 2696 658 2761 Atto
681 2700 801 2780 τὰμὲν
825 2696 1017 2784 (πνεύματα)
1043 2701 1229 2764 ...πολλὰ
1253 2698 1306 2780 δέ,
1331 2700 1391 2762 111
1416 2706 1456 2765 τά
1479 2699 1536 2784 μέν
1558 2695 1662 2765 τ)...

264 2803 304 2863 τὰ
327 2799 381 2881 6έ,·
404 2801 466 2863 366
490 2805 688 2887 τρισσὰς...
705 2800 808 2885 μέσσα
829 2801 1132 2886 μὲν...δοιάςόέ,·
1155 2804 1218 2867 392
1241 2799 1285 2868 ὧν
1304 2808 1344 2868 τὰ
1364 2805 1663 2888 μέν...τὰόε“...

265 3032 370 3080 άίσσειν
388 3031 467 3080 Ther.
487 3033 545 3091 729,
569 3029 749 3081 άιασεόεσθαι
768 3032 845 3080 Ther.
866 3034 925 3091 300,
948 3030 1116 3082 τετανόσθαι
1135 3032 1214 3081 Ther.
1235 3034 1294 3095 290,
1318 3032 1488 3098 ὑπερτείνειν
1510 3033 1589 3083 Ther.
1605 3034 1665 3094 781,

266 3115 415 3168 ἐνδύεσθαι
434 3119 511 3168 Ther.
531 3121 591 3179 662,
611 3118 768 3182 ἐσκληκέναι
785 3119 863 3168 Ther.
878 3121 927 3169 785
941 3125 968 3168 et
982 3122 1039 3181 789,
1058 3121 1223 3186 πεφρικέναι
1241 3120 1319 3169 Ther.
1333 3122 1391 3169 203.

371 3204 391 3271 1)
411 3222 490 3270 quam
503 3222 559 3255 rem
570 3208 622 3256 iam
633 3208 764 3256 Homerus
777 3209 805 3255 in
816 3224 865 3255 usu
875 3208 968 3271 habet,
983 3208 1015 3257 cf.
1027 3211 1062 3257 M
1072 3210 1130 3267 141,
1140 3210 1168 3256 Σ
1175 3208 1234 3267 378,
1245 3224 1268 3272 μ
1278 3209 1312 3256 86
1326 3207 1383 3273 (τῆς
1396 3210 1455 3271 ἤτοι
1467 3209 1545 3274 φωνὴ
1554 3206 1619 3273 μέν)
1630 3208 1665 3257 al.

369 3290 389 3359 2)
409 3294 442 3342 de
463 3294 536 3357 locis,
564 3296 660 3357 quibus
684 3294 787 3355 ἄλλοτε,
812 3296 926 3344 πολλάκι
949 3294 1056 3358 aliaque
1079 3294 1104 3343 id
1124 3310 1208 3359 genus
1227 3294 1354 3345 adverbia
1377 3295 1496 3362 μὲν...
1517 3294 1551 3345 dt
1567 3295 1665 3343 additis

265 3378 399 3444 leguntur,
418 3397 479 3429 mox
497 3386 598 3445 agetur.

368 3467 390 3532 3)
409 3473 438 3517 ut
456 3467 500 3517 vel
526 3469 655 3535 oppositio
682 3468 754 3518 clare
776 3469 940 3534 significetur
962 3469 1006 3520 vel
1028 3470 1135 3534 partitio
1163 3471 1285 3519 binorum
1313 3470 1464 3533 pluriumve
1487 3469 1665 3520 membrorum

267 3555 437 3619 exprimatur.

368 3642 389 3709 4)
409 3660 460 3708 quo
474 3643 532 3693 loco
544 3643 625 3692 aliam
643 3643 833 3708 particularum
845 3642 900 3708 μὲν
920 3682 926 3693 .
941 3681 946 3693 .
961 3682 967 3693 .
986 3643 1020 3694 δέ
1036 3644 1239 3695 collocationem
1252 3650 1422 3709 expectamus
1440 3644 1484 3711 (cf.
1498 3644 1626 3693 Kuehner
1638 3644 1665 3692 II

266 3732 324 3794 810,
339 3730 373 3795 2),
393 3732 464 3795 quod
482 3732 563 3780 etiam
582 3731 655 3780 valet
673 3730 706 3779 de
725 3731 790 3779 loeis
810 3731 888 3780 Ther.
902 3732 961 3793 355,
975 3734 1033 3792 674,
1047 3732 1089 3781 Al.
1103 3733 1161 3792 335,
1175 3733 1234 3781 467.

368 3816 390 3883 ⁶)
409 3822 425 3883 ἡ
443 3817 497 3884 μὲν
517 3856 563 3868 ...
582 3816 631 3880 mn
650 3817 694 3880 δέ,
717 3818 749 3868 cf.
775 3819 903 3868 Kuehner
919 3819 946 3867 ΙΙ
962 3820 1012 3868 807
1032 3819 1092 3868 adn.
1111 3822 1134 3867 3.
1171 3820 1258 3869 simile
1276 3819 1340 3883 quid
1358 3818 1432 3868 valet
1450 3819 1483 3868 de
1501 3818 1566 3868 loeis
1585 3819 1664 3868 Ther.

266 3908 317 3955 386
336 3912 363 3956 et
382 3908 440 3954 664.

368 3992 456 4059 6)1]οε
475 3993 533 4041 loco
551 3993 649 4048 πέσκσς
668 3992 816 4057 adpositive
834 3992 867 4041 ad
886 3994 917 4041 τὸ
937 3991 970 4043 δέ
987 3993 1102 4056 aceedit,
1121 3993 1154 4043 cf.
1169 3992 1187 4042 ό
1205 3995 1255 4043 508
1274 3994 1320 4042 καὶ
1339 3994 1369 4042 τὸ
1387 3991 1442 4059 μὲν
1526 3996 1613 4059 μεῖνε,
1633 3995 1663 4043 τὸ

265 4079 295 4129 δὲ
315 4078 419 4147 τρύφος
437 4077 537 4146 ἐ’μπεσε
557 4080 657 4144 πόντῳ.

370 4165 390 4232 ⁷)
409 4168 441 4217 cf.
461 4172 490 4217 X
508 4166 612 4233 149l51,
635 4184 657 4232 μ
677 4165 782 4233 testor.
819 4168 891 4232 apud
914 4168 1060 4217 Homerum
1082 4170 1134 4216 nisi
1152 4170 1181 4216 in
1199 4184 1290 4218 versus
1309 4169 1385 4217 initio
1410 4171 1424 4217 ό
1450 4165 1475 4217 δ’
1493 4166 1584 4235 ἕτερος
1610 4185 1664 4217 non

265 4259 345 4314 extat,
373 4255 442 4319 quod
469 4257 534 4305 item
561 4255 594 4304 de
621 4255 755 4305 Nicandro
782 4255 866 4318 valet,
895 4254 928 4304 de
951 4256 1063 4305 articulo
1086 4255 1148 4305 vide
1171 4256 1299 4305 Kuehner
1316 4256 1343 4304 II
1362 4257 1421 4316 548,
1442 4257 1481 4304 10.
1504 4255 1572 4305 adde
1594 4256 1665 4319 quod

264 4359 307 4391 vv.
321 4342 400 4392 Ther.
414 4344 462 4391 661
484 4348 511 4393 et
529 4345 578 4392 786
597 4344 710 4407 priorem
730 4347 832 4407 partem
851 4344 900 4392 τὸν
919 4339 945 4391 δ’
964 4342 1057 4409 ἕτερον
1077 4340 1150 4406 άήεις
1168 4358 1336 4393 communem
1354 4343 1462 4392 habent.

368 4429 389 4496 8)
408 4431 458 4480 hoc
481 4430 587 4481 demum
605 4432 663 4480 loco
681 4432 730 4481 τόν
753 4428 779 4480 d‘
798 4429 900 4497 ἕτερον,
928 4429 998 4495 quod
1021 4431 1099 4479 Ther.
1119 4432 1169 4479 640
1192 4435 1218 4480 et
1237 4432 1285 4479 661
1310 4430 1389 4480 solito
1412 4444 1483 4479 more
1507 4434 1664 4493 usurpatum

264 4519 394 4579 videmus,
413 4525 503 4568 extare
521 4520 617 4567 mirum
635 4534 699 4569 sane
718 4524 770 4582 est;
789 4534 850 4568 nam
870 4520 893 4567 si
911 4519 940 4567 in
958 4518 1080 4582 pluribus
1098 4518 1223 4567 membris
1243 4516 1428 4567 enumerandis
1448 4513 1502 4565 ὁδ’
1516 4514 1607 4583 ἕτερος
1619 4518 1664 4565 ad-

264 4608 379 4667 hibetur,
398 4608 449 4655 nisi
467 4608 496 4655 iu
514 4606 630 4655 seeundo
648 4607 765 4656 membro
785 4623 838 4655 non
857 4607 964 4670 legitur,
983 4606 1016 4656 cf.
1030 4610 1066 4656 M
1078 4608 1120 4666 03,
1139 4608 1238 4666 11179,
1257 4624 1273 4670 η
1295 4607 1351 4654 121.
1379 4619 1447 4669 qnae
1467 4620 1528 4653 cum
1546 4606 1584 4654 ita
1601 4606 1664 4669 sint,

264 4696 379 4763 suspicio
398 4695 482 4745 oritur
500 4709 592 4745 versus
610 4693 689 4744 Ther.
703 4695 752 4743 786
771 4709 808 4759 sq.
829 4709 843 4743 e
862 4693 925 4744 sede
944 4709 992 4743 sua
1010 4699 1123 4744 remotos
1142 4708 1209 4745 esse.
