3542 5059
198 219 261 283 142

194 411 290 477 Prob.
307 421 340 478 et
354 410 469 500 Olybr.
486 412 537 478 69.
583 423 651 480 tum
672 413 854 499 similitudo,
874 437 972 501 quam
991 417 1075 480 inter
1093 416 1180 481 hunc
1200 428 1233 482 et
1246 417 1366 504 Apulei
1380 416 1487 485 locum
1501 421 1595 485 inter·

194 519 312 585 cedere
327 520 462 606 putavit,
485 539 548 583 non
570 520 615 583 ita
636 541 754 606 magna
777 529 835 604 est,
858 521 979 607 quippe
1002 542 1085 606 quae
1108 523 1202 586 unico
1216 521 1423 588 inumbrandi
1437 524 1595 591 vocabulo

193 626 395 706 conficiatur3
418 623 501 688 haee
516 631 625 690 autem
639 645 705 688 vox
727 645 747 687 a
769 619 876 710 poetis
895 627 1022 710 saepius
1046 648 1120 691 cum
1139 624 1242 691 barba
1257 627 1421 714 capillisve
1443 630 1593 715 iungitur.

193 732 340 796 conferas
363 728 532 795 Claudiani
563 729 661 814 ipsius
692 751 719 793 c.
744 727 862 794 XVIII
883 751 915 793 v.
939 728 1003 793 343
1034 729 1080 816 (p.
1104 729 1146 794 86
1169 731 1249 816 Birt,
1280 731 1322 795 62
1345 732 1464 820 Koch),
1495 757 1593 800 earm.

191 837 268 901 min.
290 833 390 899 XXV
411 857 443 898 v.
460 832 503 896 42
525 830 571 918 (p.
589 832 652 897 303
667 832 716 916 Β,
741 830 804 895 228
827 832 896 920 K),
927 843 1096 919 praeterea
1118 834 1253 902 Pacuvii
1282 845 1364 922 trag.
1387 862 1418 902 v.
1442 837 1507 902 362
1529 838 1594 922 R.¹‚

193 940 289 1007 Ovid.
305 939 382 1004 Met.
398 938 484 1003 XHI
498 935 572 1002 843.
617 936 774 1023 Apuleius
790 959 919 1024 quoque
941 940 1011 1024 ipse
1033 939 1095 1004 alio
1117 939 1187 1005 loco
1210 939 1272 1005 hac
1287 963 1369 1007 voce
1391 943 1485 1007 simili
1500 942 1594 1008 modo

191 1067 268 1110 usus
296 1052 358 1109 est:
386 1042 473 1107 Flor.
493 1040 542 1126 15,
570 1063 601 1126 p.
621 1039 707 1124 11,8
731 1041 772 1107 Κ.
797 1033 901 1106 ‘coma
1008 1045 1170 1108 cervicem
1276 1042 1467 1111 obumbrat‘.
1512 1047 1594 1112 haec

191 1150 307 1216 locutio
338 1157 393 1213 aut
422 1149 525 1234 poetis
555 1145 691 1212 Graecis
721 1145 858 1211 debetur
887 1145 943 1232 (cf.
964 1147 1043 1212 Eur.
1063 1146 1186 1214 Phoen.
1209 1149 1261 1233 63,
1283 1149 1355 1236 Iph.
1375 1150 1473 1216 Taur.
1497 1151 1594 1238 1152)

191 1265 247 1321 aut
265 1254 307 1319 ab
324 1251 498 1332 arboribus,
510 1250 679 1336 desumpta
699 1259 756 1334 est,
779 1272 917 1337 quarum
936 1251 1051 1316 ramuli
1070 1276 1181 1317 musco
1202 1256 1278 1319 tecti
1297 1265 1380 1340 sunt,
1404 1257 1458 1341 qui
1479 1253 1595 1321 dicitnr

191 1360 309 1443 barba3
340 1359 381 1423 cf.
405 1357 486 1422 Plin.
510 1356 551 1420 N.
574 1355 616 1420 H.
641 1356 741 1421 XVII
763 1355 827 1420 202
858 1349 973 1421 ‘tonsili
1002 1358 1036 1420 in
1066 1357 1115 1422 his
1138 1357 1264 1446 (ramis)
1293 1363 1436 1425 tenuium
1467 1383 1594 1447 quoque

193 1463 406 1551 virgultorum
429 1460 542 1545 barba,
565 1482 606 1525 ne
629 1457 835 1527 inumbrant’.
882 1461 1022 1547 denique
1045 1465 1122 1526 artis
1144 1462 1267 1549 logicae
1290 1475 1459 1550 patronam
1480 1468 1594 1532 iratam

191 1569 311 1635 habeat
337 1589 471 1634 necesse
499 1576 557 1650 est,
585 1568 638 1651 qui
666 1588 709 1630 ex
735 1567 830 1631 unico
857 1565 910 1631 illo
934 1566 1094 1653 exemplo,
1123 1569 1247 1632 etiamsi
1269 1578 1381 1655 aptum
1403 1578 1499 1654 esset,
1522 1592 1593 1635 con·

192 1673 323 1739 eludere
345 1672 422 1737 velit
444 1669 617 1758 Apuleium
645 1671 773 1734 omnino
802 1679 905 1735 certos
935 1679 1103 1756 poetarum
1128 1671 1215 1735 locos
1242 1673 1398 1738 imitatum
1425 1695 1490 1739 non
1512 1697 1592 1740 esse.

192 1779 250 1843 sed
273 1779 355 1842 haec
378 1798 430 1841 res
454 1799 529 1841 cnm
549 1775 623 1840 luce
646 1773 762 1839 clarior
784 1777 833 1859 sit,
858 1775 978 1841 diutius
1001 1799 1052 1840 me
1075 1799 1139 1840 non
1162 1776 1349 1842 morabitur.

295 1884 364 1949 Iam
388 1904 465 1946 vero
488 1880 674 1966 frequentes
697 1882 729 1943 in
744 1877 863 1966 Apulei
885 1880 974 1945 libris
998 1883 1104 1944 inesse
1127 1893 1295 1967 poetarum
1317 1883 1508 1949 imitationes
1527 1888 1592 1972 qui·

190 1989 269 2054 libet
291 1987 415 2052 discere
441 1987 544 2072 potuit
572 2008 614 2049 ex
638 1988 768 2070 egregio
791 1988 1021 2050 commentario
1043 1987 1180 2069 Pricaei,
1208 1988 1263 2072 qui
1290 2010 1376 2052 nunc
1404 1988 1592 2075 plerumque

190 2095 346 2159 immerito
368 2091 514 2175 robigine
538 2090 736 2176 pulvereque
760 2099 864 2155 tectus
887 2093 920 2155 in
942 2091 1060 2177 angulo
1085 2090 1200 2156 oblitus
1223 2093 1317 2157 iacet.
1362 2115 1438 2156 nam
1460 2103 1495 2158 ut
1516 2094 1592 2180 lepi-

191 2197 265 2263 dulo
282 2195 431 2282 exemplo
447 2205 528 2278 utar,
553 2193 715 2277 Goetzius,
739 2197 790 2261 vir
805 2195 1018 2280 doctissimus,
1042 2199 1073 2260 in
1089 2196 1162 2261 Aet.
1180 2219 1245 2261 soc.
1263 2197 1495 2282 1111801325
1518 2201 1593 2264 novi

191 2301 311 2389 aliquid
334 2324 370 2365 se
393 2300 535 2386 proferre
559 2309 647 2364 ratus
670 2299 757 2364 locos
777 2300 896 2386 Apulei
919 2301 999 2366 duos
1021 2299 1063 2366 ad
1087 2301 1252 2366 Plautinos
1274 2301 1404 2386 rettulit,
1427 2324 1507 2388 quos
1529 2305 1592 2368 iam

190 2417 265 2472 ante
294 2407 352 2470 hos
384 2405 540 2470 ducentos
571 2427 671 2469 annos
702 2416 949 2490 comparaverat
979 2406 1140 2471 Pricaeus.
1187 2408 1450 2472 commentarium
1484 2417 1592 2474 autem

189 2513 279 2578 illum
301 2510 485 2596 neglectum
508 2531 579 2573 esse
602 2531 665 2573 non
689 2511 805 2575 mirum
829 2510 967 2595 videtur,
995 2513 1070 2598 quia
1091 2510 1152 2576 loci
1176 2535 1286 2576 omnes
1308 2512 1377 2576 fere
1400 2535 1488 2577 more
1510 2513 1593 2578 illius

190 2618 302 2682 aetatis
334 2638 438 2702 neque
469 2613 542 2679 libri
572 2636 676 2701 neque
706 2616 845 2700 paginae
868 2639 1024 2681 versusve
1051 2639 1184 2681 numero
1215 2616 1347 2681 indicati
1373 2627 1447 2683 sunt
1472 2619 1526 2700 ita,
1557 2627 1593 2682 ut

189 2720 351 2787 interdum
385 2718 571 2784 difficillime
605 2720 740 2803 reperiri
771 2721 900 2805 possint.
947 2744 1021 2785 cum
1047 2722 1144 2807 igitur
1171 2721 1337 2787 consilium
1365 2724 1524 2807 cepissem
1551 2722 1591 2786 de

191 2828 304 2893 studiis
324 2825 365 2889 ab
382 2823 518 2910 Apuleio
538 2826 571 2888 in
586 2833 753 2910 poetarum
769 2824 958 2890 Latinorum
973 2825 1108 2890 lectione
1128 2828 1238 2912 positis
1258 2826 1431 2908 scribendi,
1451 2828 1593 2891 maximo

191 2932 269 2998 mihi
290 2933 362 2995 usui
377 2930 437 2994 fuit
459 2931 706 2994 commentarius
729 2929 791 3012 ille,
816 2933 867 2994 tui
890 2953 1043 2996 numerus
1065 2930 1154 2997 haud
1177 2933 1315 3018 exiguus
1337 2932 1489 3015 locorum,
1514 2954 1592 3018 quos

191 3041 254 3102 iam
277 3037 361 3101 infra
384 3057 570 3122 proponam,
595 3033 741 3099 debetur.

295 3142 480 3227 Antequam
503 3149 610 3204 autem
633 3139 675 3204 ad
696 3162 768 3204 eam
791 3140 1010 3226 quaestionem
1029 3139 1232 3205 tractandam
1255 3163 1307 3204 me
1328 3150 1490 3223 converto,
1514 3161 1593 3226 quos

191 3256 301 3332 poetas
323 3244 479 3332 Apuleius
507 3255 636 3309 secutus
664 3247 713 3328 sit,
743 3267 806 3308 non
833 3245 943 3309 inutile
967 3267 1037 3309 esse
1061 3255 1137 3330 puto
1158 3245 1314 3331 proferre,
1342 3267 1422 3331 quos
1448 3247 1517 3331 ipse
1540 3268 1592 3310 no-

191 3353 336 3416 minatim
370 3373 569 3437 quorumque
604 3349 689 3414 locos
722 3371 875 3414 versusve
911 3352 1218 3416 commemoraverit.
1264 3351 1349 3414 hanc
1383 3373 1452 3415 rem
1482 3349 1592 3415 tabula

192 3456 338 3521 confecta
362 3454 525 3540 expedivi,
548 3456 580 3518 in
604 3477 667 3540 qua
691 3476 744 3518 eos
767 3453 863 3535 locos,
889 3475 968 3539 quos
984 3454 1141 3540 Apuleius
1164 3457 1303 3520 auctoris
1325 3457 1453 3520 nomine
1476 3456 1591 3519 omisso

190 3559 313 3644 adtulit,
337 3559 461 3624 stellula
484 3559 612 3622 adiecta
636 3559 825 3643 significavi,
850 3581 946 3622 cruce
969 3581 1047 3623 vero
1071 3582 1135 3643 eos,
1160 3559 1276 3645 quibus
1299 3559 1402 3624 verba
1424 3570 1592 3645 poetarum

191 3674 331 3730 autnon
359 3675 509 3730 accurate
532 3673 753 3749 proponuntur
775 3671 831 3728 aut
852 3672 977 3728 tantum
1001 3667 1179 3728 innuuntur
1201 3665 1253 3729 vel
1277 3663 1590 3729 circumscribuntur.

216 3880 218 3886 ’
293 3859 389 3909 Accius
407 3863 438 3908 tr.
458 3859 509 3907 520
521 3874 559 3922 sq.
578 3857 696 3908 adfertur
715 3856 739 3906 d.
757 3857 829 3908 Socr.
843 3859 886 3918 24,
904 3874 929 3922 p.
943 3859 985 3918 26,
1003 3858 1033 3907 15
1052 3859 1083 3910 G.
1103 3857 1136 3923 †*
1150 3859 1199 3907 581
1213 3874 1251 3922 sq.
1269 3857 1341 3907 Flor.
1356 3859 1397 3918 10,
1416 3874 1442 3922 p.
1459 3859 1499 3920 13,
1513 3859 1544 3907 16
1558 3857 1591 3907 K.

192 3947 317 3998 Afranius
336 3963 402 3996 com.
418 3947 466 3995 221
486 3945 563 4010 Apol.
584 3947 623 4005 12,
642 3946 752 4010 p.19,9
770 3945 802 3994 Κ.
841 3944 974 3995 Caecilius
992 3946 1089 4010 com.†
1108 3947 1158 3995 248
1176 3947 1212 3996 ib.
1226 3949 1251 4006 5,
1270 3962 1295 4010 p.
1309 3947 1333 4006 9,
1350 3947 1374 3994 2.
1411 3943 1532 3995 Catullus
1552 3947 1593 4006 12,

192 4033 912 4099 5811111,ρ.11,13.139,1915.6,ρ.10,11.
949 4032 1019 4082 Enn.
1032 4034 1192 4098 trag.†177
1212 4032 1237 4083 d.
1251 4032 1322 4084 Socr.
1335 4035 1359 4096 2,
1378 4049 1403 4097 p.
1417 4034 1442 4095 6,
1454 4034 1496 4081 20.
1515 4033 1591 4081 *302

191 4122 223 4172 de
242 4121 330 4172 mund.
345 4123 386 4182 33,
405 4139 431 4187 p.
446 4123 505 4181 131,
518 4122 542 4170 3.
561 4121 578 4185 †
596 4122 647 4170 340
665 4119 742 4184 Apol.
758 4121 797 4183 13,
816 4137 841 4185 p.
856 4121 897 4182 19,
912 4121 952 4168 14.
976 4121 993 4185 †
1011 4122 1062 4170 380
1080 4119 1104 4169 d.
1119 4120 1189 4170 Socr.
1204 4120 1228 4180 5,
1251 4137 1276 4185 p.
1292 4122 1331 4184 10,
1346 4121 1385 4169 19.
1408 4119 1590 4182 1111142681.

189 4210 226 4259 M.
245 4210 279 4259 ib.
294 4212 319 4270 2,
341 4226 366 4274 p.
381 4211 404 4270 7,
419 4211 441 4257 l.
461 4208 515 4258 Sat.
533 4210 634 4257 51-61
648 4208 683 4260 M.
703 4206 780 4272 Apol.
794 4209 836 4268 38,
859 4224 883 4272 p.
897 4208 940 4268 48,
955 4209 995 4258 15.
1032 4207 1184 4258 Hadrianus
1206 4207 1248 4274 (F.
1262 4209 1291 4258 P.
1303 4208 1335 4258 R.
1359 4225 1384 4273 p.
1398 4209 1457 4267 373,
1476 4207 1507 4256 fr.
1521 4208 1535 4254 2
1548 4204 1590 4270 Β.)

189 4297 267 4362 Apol.
283 4278 322 4358 11,
350 4314 374 4362 p.
390 4298 430 4356 18,
450 4298 474 4345 1.
510 4297 605 4346 incorr.
625 4301 691 4360 trag.
711 4297 726 4330 1
746 4296 805 4345 111.
833 4295 1115 4361 r101.1s,p.as,1a
1143 4313 1209 4346 com.
1229 4296 1245 4327 r
1264 4296 1297 4345 os
1323 4294 1400 4360 Apol.
1414 4296 1456 4356 as,
1474 4311 1499 4359 p.
1513 4293 1555 4353 ao,
1568 4295 1592 4345 8.

190 4383 306 4434 Laevius
325 4383 410 4450 (codd.
429 4382 550 4448 Laelius)
568 4383 598 4434 F.
618 4383 647 4434 P.
665 4383 697 4432 R.
716 4400 742 4448 p.
755 4384 815 4443 292,
832 4383 909 4433 21Β.
927 4382 1005 4448 Apol.
1018 4385 1059 4445 30,
1079 4401 1104 4449 p.
1117 4385 1160 4447 40,
1175 4387 1215 4433 11.
1251 4382 1372 4432 Lucilius
1394 4387 1442 4432 sat
1455 4381 1508 4430 VII
1525 4380 1591 4444 fr.†

189 4471 202 4520 1
230 4470 314 4538 (codd.
333 4469 488 4534 Lucullum)
516 4470 552 4519 ib.
574 4472 614 4533 10,
641 4486 666 4535 p.
688 4472 728 4530 15,
748 4470 787 4519 18.
824 4470 1025 4519 8111111124
1051 4470 1123 4520 Flor.
1138 4472 1179 4533 21,
1202 4487 1228 4536 p.
1242 4471 1320 4530 35,1.
1343 4469 1374 4519 fr.
1401 4469 1489 4533 inc.†
1515 4468 1591 4518 XXX

190 4558 214 4608 d.
234 4541 305 4610 Soet.
323 4558 389 4624 prol.
409 4575 434 4624 p.
449 4561 472 4619 1,
490 4559 514 4607 6.
550 4558 690 4607 Lucretius
712 4558 732 4608 V
751 4558 768 4622 †
785 4558 836 4607 515
854 4557 891 4606 ib.
912 4561 934 4618 1,
953 4575 978 4624 p.
996 4561 1021 4619 6,
1040 4560 1063 4608 2.
1083 4559 1121 4609 VI
1140 4560 1172 4609 96
1185 4575 1223 4623 sq.
1251 4558 1287 4608 ib.
1307 4560 1340 4608 10
1358 4562 1433 4618 extr,
1451 4573 1476 4622 p.
1491 4557 1531 4617 14,
1550 4558 1591 4603 11.

189 4645 301 4695 Plautus
319 4646 376 4696 Mil.
389 4645 455 4711 gl.†
473 4646 490 4693 4
508 4644 533 4695 d.
546 4644 617 4695 Scor.
632 4646 672 4707 11,
690 4661 717 4709 p.
731 4646 772 4705 15,
787 4647 827 4697 11.
845 4645 925 4697 Tmo.
937 4645 1003 4712 prol.
1017 4648 1033 4682 *
1047 4648 1113 4696 1-3
1132 4646 1204 4696 Flor.
1219 4647 1259 4709 18,
1277 4646 1359 4711 pas,
1373 4647 1412 4694 14.
1450 4645 1501 4694 430
1518 4643 1553 4692 11).
1567 4644 1592 4706 2,

189 4750 215 4800 p.
230 4736 253 4798 2,
268 4735 292 4784 2.
329 4735 471 4782 Terentius
489 4731 558 4781 Eun.
572 4733 623 4781 454
641 4731 665 4782 d.
679 4732 749 4782 Socr.
763 4734 804 4793 20,
823 4749 847 4798 p.
862 4736 905 4795 22,
918 4736 959 4783 20.
991 4734 1126 4800 Vergilius
1143 4735 1201 4785 Ecl.
1214 4735 1241 4784 11
1259 4734 1275 4798 †
1289 4735 1303 4781 1
1321 4732 1399 4798 Apol.
1415 4735 1499 4800 10,,1).
1514 4732 1554 4794 16,
1566 4731 1590 4781 5.
