3542 5059
204 204 266 268 104

202 418 326 463 errores
347 395 417 460 illos
440 395 644 459 commiserit.
690 413 796 479 neque
817 415 892 456 vero
914 391 1001 456 hanc
1024 395 1244 477 quaestionem
1266 402 1366 457 totam
1389 392 1494 459 denuo
1516 397 1600 461 insti·

202 515 293 568 tuere
315 501 394 565 mihi
420 502 453 564 in
475 501 581 564 animo
605 507 663 577 est,
692 500 810 584 quippe
834 519 917 583 quae
944 495 987 561 ad
1009 495 1043 560 id
1066 496 1152 583 quod
1174 497 1252 562 mihi
1274 501 1426 584 proposui
1447 522 1511 564 non
1533 523 1601 586 per·

203 611 312 690 tineat,
332 604 389 670 sed
407 604 469 669 hoc
489 605 591 669 solum
610 625 767 687 moneam,
788 625 828 667 ne
848 624 948 666 unum
969 601 1100 688 quidem
1119 623 1161 665 ex
1177 602 1323 667 omnibus
1345 625 1425 689 quos
1443 606 1476 668 in
1494 605 1568 671 adn.
1584 608 1599 669 1

204 712 392 776 enumeravi
404 711 481 774 viris
498 708 598 774 doctis
612 731 650 772 ea
663 730 746 794 quae
759 706 1018 773 Seheidemantel
1033 709 1142 793 spuria
1154 729 1224 772 esse
1237 708 1402 773 contendit
1413 732 1469 795 pro
1480 710 1601 775 addita-

203 818 317 882 mentis
332 814 463 894 habsre,
480 815 575 879 immo
592 811 771 878 secundum
782 811 1028 895 Daiatzkonem,
1044 814 1271 897 gravissimum
1287 815 1320 878 in
1336 814 1491 879 eiusmodi
1505 815 1603 880 rebus

202 930 378 1003 auctorem,
401 921 427 984 si
449 919 555 984 locum
578 918 619 982 de
642 916 726 982 tibiis
750 918 930 1003 exceperis,
954 939 993 981 ea
1014 916 1102 981 haud
1125 917 1309 1003 spernenda
1332 918 1443 1006 esse.¹)
1488 920 1603 1006 quodsi

203 1047 297 1112 porro
326 1024 585 1091 Seheidemantel
613 1022 690 1087 dicit
717 1023 823 1087 locum
850 1025 884 1086 in
910 1022 1012 1108 praef.
1035 1022 1164 1087 Phorm.
1188 1022 1238 1105 14,
1258 1023 1300 1088 23
1314 1045 1400 1110 sqq:
1437 1019 1604 1110 'Prologus

204 1140 351 1216 correpte
374 1132 511 1195 ἀπὸτοῦ
525 1125 691 1214 προλέγειν
714 1127 840 1211 dicitur,
862 1149 927 1191 non
946 1126 1101 1212 producte
1124 1129 1191 1192 ἀπὸ
1205 1138 1263 1194 τοῦ
1277 1129 1507 1213 πρωτολογεῖν,
1529 1153 1604 1194 nam

205 1235 345 1299 officium
368 1233 492 1320 prologi
514 1242 588 1298 ante
611 1235 829 1297 narrationem
852 1234 899 1296 rei
922 1231 1052 1318 quidem
1075 1253 1203 1318 semper
1226 1242 1283 1315 est,
1306 1256 1421 1297 verum
1442 1243 1550 1299 tamen
1574 1245 1606 1300 et

205 1350 277 1426 post
299 1341 490 1425 principium
513 1337 642 1403 fabulae
664 1337 837 1417 inducitur,
861 1345 897 1401 ut
918 1336 1006 1422 apud
1028 1335 1178 1402 Plautum
1199 1339 1233 1402 in
1254 1338 1357 1403 Milite
1378 1337 1514 1425 glorioso
1523 1338 1551 1427 ¹)
1575 1348 1607 1404 et

205 1444 293 1531 apud
323 1453 446 1509 ceteros
473 1465 610 1528 magnae
640 1443 836 1508 auctoritatis
863 1451 990 1507 veteres
1020 1437 1142 1528 poetas'
1171 1465 1318 1529 pugnare
1349 1465 1422 1509 cum
1449 1446 1495 1508 sis
1523 1467 1606 1531 quae

207 1571 320 1614 comm.
339 1548 389 1630 10,
406 1547 425 1610 9
442 1569 511 1633 sqq.
542 1547 705 1633 leguntur:
744 1538 913 1632 ‘Prologus
943 1555 992 1611 cst
1024 1549 1128 1632 prima
1162 1547 1268 1630 dictio,
1301 1571 1321 1611 a
1351 1547 1486 1614 Graecis
1521 1549 1607 1614 dicta

206 1662 335 1740 πρῶτος
356 1653 458 1737 λόγος,
488 1651 522 1717 id
553 1661 601 1716 est
631 1651 828 1717 antecedens
856 1674 969 1717 veram
999 1650 1130 1717 fabulae
1161 1654 1421 1739 compositionem
1451 1648 1607 1738 elocutio’,

206 1767 281 1823 ante
305 1761 410 1823 omnia
437 1767 568 1843 reputes
592 1779 711 1843 quaeso
738 1757 799 1822 loci
822 1779 919 1843 quem
941 1756 1036 1821 modo
1063 1756 1236 1823 adtulimus
1258 1780 1464 1844 nequaquam
1487 1768 1608 1824 certam

206 1865 398 1950 scripturam
418 1885 497 1928 esse.
544 1865 668 1927 namin
685 1862 1094 1927 codiceParisiacoverba
1115 1854 1225 1927 ‘idest
1249 1913 1255 1927 .
1274 1913 1281 1927 .
1299 1914 1306 1926 .
1330 1859 1477 1928 elocutio'
1492 1862 1609 1929 desunt

206 1989 312 2053 neque
331 1967 393 2032 hoc
414 1966 484 2032 loeo
501 1966 659 2054 quomodo
684 1991 722 2032 ea
745 1969 862 2032 omissa
885 1970 949 2033 sint
963 1967 1079 2032 eadem
1101 1969 1224 2032 ratione
1248 1989 1312 2053 qua
1333 1968 1403 2032 aliis
1417 1967 1531 2056 locis⁸)
1555 1991 1609 2032 ex-

206 2073 320 2158 plicari
342 2081 456 2158 potest,
478 2084 514 2138 ut
535 2072 702 2137 librarium
730 2071 773 2136 ab
796 2072 911 2137 eodem
933 2073 987 2137 vel
1009 2072 1103 2137 simili
1125 2070 1283 2136 vocabulo
1305 2071 1348 2136 ad
1370 2071 1507 2138 alterum
1530 2075 1609 2137 eius·

208 2176 295 2241 modi
317 2177 518 2242 aberravisse
542 2177 696 2242 dieamus.
743 2177 801 2242 sed
825 2179 894 2242 sive
917 2201 991 2242 cum
1013 2177 1177 2242 Parisiaco
1200 2179 1268 2241 sive
1297 2199 1371 2240 cum
1397 2180 1513 2242 ceteris
1535 2177 1610 2242 faci-

208 2305 289 2366 mus,
317 2292 425 2347 tamsn
452 2282 504 2347 hie
530 2282 619 2347 locus
647 2285 861 2369 suspicionem
889 2292 1007 2347 movet.
1053 2284 1171 2346 etenim
1197 2291 1233 2346 ut
1260 2283 1403 2346 omittam
1429 2304 1487 2346 nos
1513 2283 1611 2347 talem

209 2388 455 2473 explicationem
477 2389 510 2451 in
531 2387 729 2472 praefatione
752 2386 882 2451 ultimae
906 2386 1037 2451 demum
1058 2384 1188 2450 fabulae
1211 2406 1274 2450 non
1297 2394 1481 2471 expectare,
1504 2408 1611 2450 nonne

205 2494 238 2556 in
265 2492 328 2556 hac
354 2491 551 2577 praefatione
578 2494 642 2557 iam
672 2493 722 2575 14,
742 2492 779 2554 11
797 2514 844 2578 sq.
873 2491 915 2556 de
942 2489 1066 2577 prologi
1093 2490 1354 2576 reliquarumque
1381 2489 1510 2555 fabulae
1537 2514 1611 2577 par-

204 2599 283 2661 tium
311 2607 426 2661 natura
449 2595 579 2661 abunde
601 2596 704 2660 verba
727 2597 813 2660 facta
836 2598 985 2673 sumita,
1013 2605 1049 2660 ut
1076 2597 1264 2681 scriptorem
1292 2593 1477 2659 didascaliis
1500 2598 1609 2680 eisque

207 2723 290 2786 quae
314 2700 355 2764 de
379 2702 521 2786 personis
544 2702 708 2785 protaticis
737 2711 768 2764 θῖ
790 2700 996 2786 locupletiore
1019 2708 1208 2784 argumento
1232 2698 1371 2763 dicenda
1398 2709 1489 2764 erant
1512 2699 1610 2785 expli-

206 2807 284 2869 catis
315 2805 409 2869 modo
439 2804 481 2869 ad
511 2807 693 2890 argumenti
724 2807 960 2870 enarrationem
993 2806 1203 2869 transiturum
1234 2825 1305 2868 esse
1335 2804 1515 2889 putandum
1548 2805 1609 2869 sit?

205 2931 319 2974 verum
341 2932 404 2974 non
431 2913 475 2974 ita
497 2932 550 2974 res
578 2933 612 2974 se
636 2910 744 2994 habet,
776 2909 835 2975 sed
861 2910 949 2974 nulla
977 2911 1198 2974 coniunctione
1227 2907 1338 2972 addita
1360 2908 1462 2973 verbs
1488 2908 1541 2973 illa
1564 2931 1609 2974 se-

207 3025 357 3098 quuntur.
404 3037 487 3099 quae
504 3038 578 3079 cum
593 3017 637 3078 ita
660 3018 731 3099 sint,
756 3038 795 3080 ea
809 3014 1000 3101 interpolata
1023 3037 1094 3078 esse
1110 3013 1187 3078 mihi
1209 3017 1365 3099 persuasi.
1411 3035 1516 3099 neque
1531 3036 1609 3078 vero

206 3140 289 3203 quae
318 3120 385 3183 eius
413 3121 459 3182 rei
484 3141 582 3183 causa
609 3120 706 3184 fuerit
732 3122 927 3204 ignoramus
975 3130 1088 3205 quater
1112 3121 1197 3183 enim
1220 3117 1298 3183 loeis
1321 3119 1353 3182 in
1376 3118 1519 3183 Terentii
1541 3140 1610 3204 pro·

205 3221 284 3307 logis
308 3222 445 3287 verbum
472 3216 645 3310 ‘prologus'
671 3223 851 3289 adhibitum
879 3236 937 3308 est,
964 3224 1066 3289 tribus
1093 3223 1172 3288 locis
1201 3221 1318 3309 (Andr.
1339 3221 1418 3308 prol.
1435 3223 1467 3308 5,
1490 3223 1608 3288 Heaut.

206 3327 284 3414 prol.
304 3326 354 3411 11,
377 3328 459 3392 Ηθθ.
481 3329 560 3414 prol.
582 3330 615 3393 II
633 3327 664 3412 1)
688 3331 741 3413 ita,
769 3339 805 3394 ut
832 3332 936 3415 prima
959 3328 1085 3414 syllaba
1108 3327 1314 3412 producatur,
1338 3350 1401 3392 uno
1424 3337 1532 3392 autem
1554 3330 1608 3411 ita,

205 3441 241 3496 ut
256 3431 336 3496 haec
353 3432 478 3518 syllaba
495 3436 695 3520 corripiatur,
718 3437 750 3498 in
766 3433 895 3498 Phorm.
912 3432 992 3519 prol.
1009 3456 1040 3497 v.
1060 3433 1100 3497 15
1123 3426 1265 3496 ‘nullum
1279 3432 1424 3496 iuvenire
1437 3431 1609 3518 pro'lopum

201 3537 364 3622 potuisset
386 3533 536 3623 aocca'4)
570 3537 616 3611 ⁴ad
640 3539 726 3602 hunc
748 3540 845 3624 igitur
864 3561 996 3602 versum
1019 3538 1132 3624 aliquis
1153 3537 1294 3602 scholion
1315 3536 1433 3601 adiecit
1451 3538 1608 3621 significa-

205 3652 295 3706 turus
306 3642 444 3707 verbum
459 3642 625 3728 prologum
644 3653 755 3707 contra
770 3665 893 3707 morem
909 3641 1034 3728 syllaba
1051 3644 1153 3728 prima
1169 3650 1317 3727 correpta
1332 3641 1512 3706 adhibitum
1527 3664 1607 3706 esse.

309 3748 379 3811 Iam
409 3751 435 3811 si
465 3757 665 3834 argumenta,
698 3748 813 3833 quibus
842 3747 1102 3813 Scheidemantel
1133 3746 1348 3832 praefationes
1378 3745 1420 3810 ab
1448 3746 1608 3810 Euanthio

206 3855 402 3939 conscriptas
424 3875 494 3916 esse
514 3853 725 3939 comprobare
747 3853 876 3933 studuit,
901 3851 1017 3917 nullius
1037 3853 1188 3916 momenti
1209 3862 1292 3933 sunt,
1316 3850 1394 3936 quid
1414 3872 1534 3936 quaeso
1553 3853 1608 3915 im-

206 3958 295 4042 pedit
318 3960 487 4043 quominus
510 3980 564 4022 eas
588 3981 607 4022 a
627 3959 756 4023 Donato
779 3958 939 4044 profectas
964 3979 1034 4020 esso
1058 3954 1294 4040 statuamus?⁵)
1331 3966 1429 4041 atque
1451 3955 1534 4020 haec
1557 3978 1609 4019 res

207 4083 243 4126 eo
275 4085 402 4148 quoque
432 4063 562 4149 probari
592 4063 730 4146 videtur,
762 4062 847 4148 quod
878 4084 961 4147 quae
988 4060 1358 4147 praef.Eun.9,19sq.
1383 4069 1415 4124 θῖ
1438 4059 1549 4144 Ado,
1568 4060 1605 4121 11

310 4253 321 4285 ¹
350 4256 383 4305 cf.
396 4257 464 4305 Mus.
477 4255 563 4306 Rhen.
576 4257 626 4305 XX
639 4258 689 4306 582
709 4260 735 4305 et
754 4256 804 4305 594
817 4272 863 4320 sq,
881 4255 947 4304 XXI
961 4255 991 4304 71
1007 4259 1034 4304 st
1046 4255 1089 4303 85.

309 4516 331 4584 ⁴)
350 4524 442 4568 notum
461 4523 501 4568 est
513 4518 664 4569 Bentleium
684 4517 810 4568 mendum
829 4517 899 4582 quod
917 4516 981 4565 huic
993 4515 1083 4565 versui
1101 4515 1171 4565 inest
1181 4514 1320 4564 sustulisse
1332 4515 1485 4564 coniectura
1503 4509 1608 4579 ‘posset'

207 4606 319 4672 prolata,
337 4621 417 4670 quam
436 4611 527 4656 omues
546 4607 592 4670 qui
611 4621 671 4656 eum
690 4606 775 4656 secuti
793 4610 855 4655 sunt
873 4604 988 4654 editores
1006 4607 1172 4668 receperunt.

310 4691 331 4759 ⁶)
351 4692 382 4742 ci.
403 4708 435 4742 ea
453 4709 521 4757 quae
539 4695 569 4742 F.
588 4695 643 4742 Leo
662 4694 729 4742 Mus.
750 4693 834 4742 Rhen.
849 4691 992 4740 XXXVIII
1010 4692 1061 4740 326
1080 4689 1210 4755 exposuit.
