<?xml version="1.0" encoding="UTF-8"?>
<!DOCTYPE html PUBLIC "-//W3C//DTD XHTML 1.0 Transitional//EN"
    "http://www.w3.org/TR/xhtml1/DTD/xhtml1-transitional.dtd">
<html xmlns="http://www.w3.org/1999/xhtml" xml:lang="en" lang="en">
 <head>
  <title>
</title>
<meta http-equiv="Content-Type" content="text/html;charset=utf-8" />
  <meta name='ocr-system' content='tesseract 3.04.00' />
  <meta name='ocr-capabilities' content='ocr_page ocr_carea ocr_par ocr_line ocrx_word'/>
</head>
<body>
  <div class='ocr_page' id='page_1' title='image "./dissertationesp05wiengoog_0055.png"; bbox 0 0 3542 5059; ppageno 0'>
   <div class='ocr_carea' id='block_1_1' title="bbox 276 228 319 292">
    <p class='ocr_par' dir='ltr' id='par_1_1' title="bbox 276 228 319 292">
     <span class='ocr_line' id='line_1_1' title="bbox 276 228 319 292; baseline -0.023 0"><span class='ocrx_word' id='word_1_1' title='bbox 276 228 319 292; x_wconf 86' lang='grc'>44</span> 
     </span>
    </p>
   </div>
   <div class='ocr_carea' id='block_1_2' title="bbox 275 421 1676 2521">
    <p class='ocr_par' dir='ltr' id='par_1_2' title="bbox 275 421 1676 621">
     <span class='ocr_line' id='line_1_2' title="bbox 275 421 1676 514; baseline 0.004 -25"><span class='ocrx_word' id='word_1_2' title='bbox 275 424 407 505; x_wconf 72' lang='lat' dir='ltr'>,roveloto</span> <span class='ocrx_word' id='word_1_3' title='bbox 430 421 622 511; x_wconf 77' lang='grc' dir='ltr'><strong><em>νεοσφαγέος</em></strong></span> <span class='ocrx_word' id='word_1_4' title='bbox 644 423 780 510; x_wconf 76' lang='grc' dir='ltr'><strong><em>ἐλάφοιο</em></strong></span> <span class='ocrx_word' id='word_1_5' title='bbox 800 423 804 509; x_wconf 86' lang='grc' dir='ltr'>Ι</span> <span class='ocrx_word' id='word_1_6' title='bbox 825 426 995 509; x_wconf 82' lang='grc' dir='ltr'><strong><em>δροιχμάων</em></strong></span> <span class='ocrx_word' id='word_1_7' title='bbox 1016 422 1173 511; x_wconf 73' lang='lat' dir='ltr'>epipetron</span> <span class='ocrx_word' id='word_1_8' title='bbox 1195 426 1328 505; x_wconf 79' lang='grc' dir='ltr'><strong><em>δεκάδος</em></strong></span> <span class='ocrx_word' id='word_1_9' title='bbox 1343 429 1542 510; x_wconf 70' lang='lat' dir='ltr'>maratho</span> <span class='ocrx_word' id='word_1_10' title='bbox 1557 435 1676 514; x_wconf 75' lang='grc' dir='ltr'><strong><em>βρῖθος</em></strong></span> 
     </span>
     <span class='ocr_line' id='line_1_3' title="bbox 278 526 1268 621; baseline 0.002 -27"><span class='ocrx_word' id='word_1_11' title='bbox 278 539 309 594; x_wconf 89' lang='lat' dir='ltr'>et</span> <span class='ocrx_word' id='word_1_12' title='bbox 332 530 395 594; x_wconf 86' lang='lat'>838</span> <span class='ocrx_word' id='word_1_13' title='bbox 418 531 457 617; x_wconf 88' lang='grc' dir='ltr'>δι)</span> <span class='ocrx_word' id='word_1_14' title='bbox 480 536 538 616; x_wconf 77' lang='grc' dir='ltr'>γὰρ</span> <span class='ocrx_word' id='word_1_15' title='bbox 561 526 610 596; x_wconf 76' lang='lat' dir='ltr'>d&#39;r&#39;</span> <span class='ocrx_word' id='word_1_16' title='bbox 633 530 789 616; x_wconf 77' lang='grc' dir='ltr'><strong><em>δγχούσης</em></strong></span> <span class='ocrx_word' id='word_1_17' title='bbox 810 528 1007 616; x_wconf 75' lang='grc' dir='ltr'><strong><em>θριδοικηίδα</em></strong></span> <span class='ocrx_word' id='word_1_18' title='bbox 1030 530 1125 611; x_wconf 83' lang='grc' dir='ltr'><strong><em>λάζεο</em></strong></span> <span class='ocrx_word' id='word_1_19' title='bbox 1147 530 1268 621; x_wconf 76' lang='grc' dir='ltr'><strong><em>χαίτην.</em></strong></span> 
     </span>
    </p>

    <p class='ocr_par' dir='ltr' id='par_1_3' title="bbox 276 635 1675 2521">
     <span class='ocr_line' id='line_1_4' title="bbox 381 635 1673 725; baseline 0.009 -26"><span class='ocrx_word' id='word_1_20' title='bbox 381 636 537 700; x_wconf 86' lang='lat' dir='ltr'><strong>Venimus</strong></span> <span class='ocrx_word' id='word_1_21' title='bbox 561 635 603 700; x_wconf 92' lang='lat' dir='ltr'>ad</span> <span class='ocrx_word' id='word_1_22' title='bbox 625 636 799 721; x_wconf 86' lang='lat' dir='ltr'>particulas</span> <span class='ocrx_word' id='word_1_23' title='bbox 823 637 1023 701; x_wconf 87' lang='lat' dir='ltr'>conclusivas</span> <span class='ocrx_word' id='word_1_24' title='bbox 1045 637 1106 720; x_wconf 85' lang='grc' dir='ltr'><strong><em>δι’ρα</em></strong></span> <span class='ocrx_word' id='word_1_25' title='bbox 1116 638 1142 725; x_wconf 92' lang='grc'>1)</span> <span class='ocrx_word' id='word_1_26' title='bbox 1174 649 1207 703; x_wconf 91' lang='lat' dir='ltr'>et</span> <span class='ocrx_word' id='word_1_27' title='bbox 1236 636 1300 705; x_wconf 81' lang='grc' dir='ltr'><strong><em>οδν.</em></strong></span> <span class='ocrx_word' id='word_1_28' title='bbox 1345 639 1454 704; x_wconf 83' lang='lat' dir='ltr'>inille</span> <span class='ocrx_word' id='word_1_29' title='bbox 1480 641 1557 705; x_wconf 92' lang='lat' dir='ltr'>locis</span> <span class='ocrx_word' id='word_1_30' title='bbox 1577 643 1673 711; x_wconf 89' lang='lat' dir='ltr'>Ther.</span> 
     </span>
     <span class='ocr_line' id='line_1_5' title="bbox 280 743 1675 834; baseline 0.006 -26"><span class='ocrx_word' id='word_1_31' title='bbox 280 745 351 828; x_wconf 93' lang='grc'>190,</span> <span class='ocrx_word' id='word_1_32' title='bbox 372 744 445 827; x_wconf 89' lang='grc'>343,</span> <span class='ocrx_word' id='word_1_33' title='bbox 467 743 571 831; x_wconf 53' lang='grc'>3893)</span> <span class='ocrx_word' id='word_1_34' title='bbox 592 743 694 831; x_wconf 65' lang='grc'>3993)</span> <span class='ocrx_word' id='word_1_35' title='bbox 729 744 845 829; x_wconf 92' lang='lat' dir='ltr'>quibus</span> <span class='ocrx_word' id='word_1_36' title='bbox 878 746 975 831; x_wconf 89' lang='lat' dir='ltr'>plena</span> <span class='ocrx_word' id='word_1_37' title='bbox 1005 746 1109 811; x_wconf 84' lang='lat' dir='ltr'>forma</span> <span class='ocrx_word' id='word_1_38' title='bbox 1139 750 1202 832; x_wconf 81' lang='grc' dir='ltr'><strong><em>δίρα</em></strong></span> <span class='ocrx_word' id='word_1_39' title='bbox 1231 749 1356 834; x_wconf 87' lang='lat' dir='ltr'>legitur,</span> <span class='ocrx_word' id='word_1_40' title='bbox 1389 754 1439 814; x_wconf 87' lang='lat' dir='ltr'>vis</span> <span class='ocrx_word' id='word_1_41' title='bbox 1473 750 1675 817; x_wconf 84' lang='lat' dir='ltr'>adfirmative</span> 
     </span>
     <span class='ocr_line' id='line_1_6' title="bbox 277 842 1673 943; baseline 0.005 -27"><span class='ocrx_word' id='word_1_42' title='bbox 277 854 382 916; x_wconf 89' lang='lat' dir='ltr'>inesse</span> <span class='ocrx_word' id='word_1_43' title='bbox 415 850 553 933; x_wconf 89' lang='lat' dir='ltr'>videtur,</span> <span class='ocrx_word' id='word_1_44' title='bbox 592 860 628 914; x_wconf 90' lang='lat' dir='ltr'>ut</span> <span class='ocrx_word' id='word_1_45' title='bbox 661 859 768 914; x_wconf 88' lang='lat' dir='ltr'>nostro</span> <span class='ocrx_word' id='word_1_46' title='bbox 806 842 986 935; x_wconf 80' lang='lat' dir='ltr'>‘nathrlich,</span> <span class='ocrx_word' id='word_1_47' title='bbox 1024 853 1246 938; x_wconf 88' lang='lat' dir='ltr'>bekanntlich,</span> <span class='ocrx_word' id='word_1_48' title='bbox 1283 851 1437 920; x_wconf 78' lang='lat' dir='ltr'>liirwahr&#39;</span> <span class='ocrx_word' id='word_1_49' title='bbox 1471 857 1673 943; x_wconf 80' lang='lat' dir='ltr'><strong>respondeat,</strong></span> 
     </span>
     <span class='ocr_line' id='line_1_7' title="bbox 277 955 1675 1049; baseline 0.006 -25"><span class='ocrx_word' id='word_1_50' title='bbox 277 960 457 1046; x_wconf 88' lang='lat' dir='ltr'>eademque</span> <span class='ocrx_word' id='word_1_51' title='bbox 484 960 517 1022; x_wconf 92' lang='lat' dir='ltr'>in</span> <span class='ocrx_word' id='word_1_52' title='bbox 539 960 609 1023; x_wconf 90' lang='lat' dir='ltr'>loco</span> <span class='ocrx_word' id='word_1_53' title='bbox 632 956 730 1019; x_wconf 83' lang='lat' dir='ltr'><strong>Ther.</strong></span> <span class='ocrx_word' id='word_1_54' title='bbox 747 955 811 1019; x_wconf 98' lang='grc'>579</span> <span class='ocrx_word' id='word_1_55' title='bbox 838 962 876 1022; x_wconf 77' lang='grc' dir='ltr'>οδ</span> <span class='ocrx_word' id='word_1_56' title='bbox 903 961 961 1042; x_wconf 82' lang='grc' dir='ltr'>μὲν</span> <span class='ocrx_word' id='word_1_57' title='bbox 986 958 1026 1043; x_wconf 72' lang='grc' dir='ltr'>ἂρ</span> <span class='ocrx_word' id='word_1_58' title='bbox 1053 960 1220 1028; x_wconf 79' lang='grc' dir='ltr'><strong><em>καλέουσιν</em></strong></span> <span class='ocrx_word' id='word_1_59' title='bbox 1246 964 1351 1046; x_wconf 77' lang='grc' dir='ltr'><strong><em>ἐχῖνον</em></strong></span> <span class='ocrx_word' id='word_1_60' title='bbox 1378 967 1580 1049; x_wconf 79' lang='lat' dir='ltr'>conspicitur.</span> <span class='ocrx_word' id='word_1_61' title='bbox 1625 968 1675 1032; x_wconf 90' lang='lat' dir='ltr'>his</span> 
     </span>
     <span class='ocr_line' id='line_1_8' title="bbox 277 1066 1674 1158; baseline 0.004 -27"><span class='ocrx_word' id='word_1_62' title='bbox 277 1068 354 1131; x_wconf 90' lang='lat' dir='ltr'>locis</span> <span class='ocrx_word' id='word_1_63' title='bbox 378 1066 524 1131; x_wconf 90' lang='lat' dir='ltr'>omnibus</span> <span class='ocrx_word' id='word_1_64' title='bbox 551 1068 650 1130; x_wconf 87' lang='lat' dir='ltr'>oratio</span> <span class='ocrx_word' id='word_1_65' title='bbox 677 1066 719 1131; x_wconf 87' lang='lat' dir='ltr'>ab</span> <span class='ocrx_word' id='word_1_66' title='bbox 743 1071 983 1132; x_wconf 82' lang='lat' dir='ltr'>enumeratione</span> <span class='ocrx_word' id='word_1_67' title='bbox 1011 1078 1261 1156; x_wconf 80' lang='lat' dir='ltr'><strong>symptomatum</strong></span> <span class='ocrx_word' id='word_1_68' title='bbox 1288 1070 1341 1135; x_wconf 84' lang='lat' dir='ltr'>vel</span> <span class='ocrx_word' id='word_1_69' title='bbox 1369 1071 1583 1158; x_wconf 78' lang='lat' dir='ltr'>descriptione</span> <span class='ocrx_word' id='word_1_70' title='bbox 1612 1096 1674 1138; x_wconf 91' lang='lat' dir='ltr'>ser-</span> 
     </span>
     <span class='ocr_line' id='line_1_9' title="bbox 276 1171 1674 1259; baseline 0.004 -22"><span class='ocrx_word' id='word_1_71' title='bbox 276 1174 382 1259; x_wconf 88' lang='lat' dir='ltr'>pentis</span> <span class='ocrx_word' id='word_1_72' title='bbox 406 1172 573 1237; x_wconf 88' lang='lat' dir='ltr'>cuiusdam</span> <span class='ocrx_word' id='word_1_73' title='bbox 595 1171 638 1235; x_wconf 93' lang='lat' dir='ltr'>ad</span> <span class='ocrx_word' id='word_1_74' title='bbox 660 1196 777 1237; x_wconf 85' lang='lat' dir='ltr'>novem</span> <span class='ocrx_word' id='word_1_75' title='bbox 801 1173 965 1258; x_wconf 89' lang='lat' dir='ltr'>quandam</span> <span class='ocrx_word' id='word_1_76' title='bbox 988 1198 1057 1239; x_wconf 92' lang='lat' dir='ltr'>rem</span> <span class='ocrx_word' id='word_1_77' title='bbox 1084 1175 1136 1239; x_wconf 88' lang='lat' dir='ltr'>vel</span> <span class='ocrx_word' id='word_1_78' title='bbox 1164 1175 1308 1241; x_wconf 87' lang='lat' dir='ltr'>fabulam</span> <span class='ocrx_word' id='word_1_79' title='bbox 1328 1176 1382 1240; x_wconf 89' lang='lat' dir='ltr'>vel</span> <span class='ocrx_word' id='word_1_80' title='bbox 1404 1176 1580 1243; x_wconf 89' lang='lat' dir='ltr'>bestiarum</span> <span class='ocrx_word' id='word_1_81' title='bbox 1603 1202 1674 1244; x_wconf 92' lang='lat' dir='ltr'>con·</span> 
     </span>
     <span class='ocr_line' id='line_1_10' title="bbox 277 1278 1675 1369; baseline 0.006 -26"><span class='ocrx_word' id='word_1_82' title='bbox 277 1278 481 1343; x_wconf 87' lang='lat' dir='ltr'>suetudinem</span> <span class='ocrx_word' id='word_1_83' title='bbox 512 1278 751 1363; x_wconf 85' lang='lat' dir='ltr'>explanandam</span> <span class='ocrx_word' id='word_1_84' title='bbox 778 1282 901 1344; x_wconf 85' lang='lat' dir='ltr'>transit.</span> <span class='ocrx_word' id='word_1_85' title='bbox 947 1280 1032 1345; x_wconf 87' lang='lat' dir='ltr'>adde</span> <span class='ocrx_word' id='word_1_86' title='bbox 1062 1280 1168 1346; x_wconf 90' lang='lat' dir='ltr'>locum</span> <span class='ocrx_word' id='word_1_87' title='bbox 1194 1282 1291 1347; x_wconf 85' lang='lat' dir='ltr'>Ther.</span> <span class='ocrx_word' id='word_1_88' title='bbox 1316 1281 1379 1346; x_wconf 83' lang='lat'>843</span> <span class='ocrx_word' id='word_1_89' title='bbox 1403 1306 1449 1369; x_wconf 88' lang='lat' dir='ltr'>sq.</span> <span class='ocrx_word' id='word_1_90' title='bbox 1478 1290 1534 1348; x_wconf 83' lang='grc' dir='ltr'>σὺν</span> <span class='ocrx_word' id='word_1_91' title='bbox 1564 1278 1594 1350; x_wconf 74' lang='grc' dir='ltr'>δ’</span> <span class='ocrx_word' id='word_1_92' title='bbox 1613 1287 1675 1367; x_wconf 77' lang='grc' dir='ltr'>δρα</span> 
     </span>
     <span class='ocr_line' id='line_1_11' title="bbox 277 1382 1674 1475; baseline 0.004 -28"><span class='ocrx_word' id='word_1_93' title='bbox 277 1382 469 1463; x_wconf 84' lang='grc' dir='ltr'><strong><em>καυκολίδας</em></strong></span> <span class='ocrx_word' id='word_1_94' title='bbox 487 1408 522 1449; x_wconf 83' lang='grc' dir='ltr'>τε</span> <span class='ocrx_word' id='word_1_95' title='bbox 541 1382 596 1449; x_wconf 83' lang='grc' dir='ltr'>καὶ</span> <span class='ocrx_word' id='word_1_96' title='bbox 615 1384 651 1449; x_wconf 82' lang='grc' dir='ltr'>ἐκ</span> <span class='ocrx_word' id='word_1_97' title='bbox 670 1383 865 1471; x_wconf 80' lang='grc' dir='ltr'><strong><em>σταφυλίνου</em></strong></span> <span class='ocrx_word' id='word_1_98' title='bbox 880 1387 1008 1475; x_wconf 80' lang='grc' dir='ltr'><strong><em>δμήσος</em></strong></span> <span class='ocrx_word' id='word_1_99' title='bbox 1026 1385 1031 1471; x_wconf 79' lang='lat' dir='ltr'>l</span> <span class='ocrx_word' id='word_1_100' title='bbox 1051 1385 1233 1470; x_wconf 75' lang='grc' dir='ltr'>σπέρματα,</span> <span class='ocrx_word' id='word_1_101' title='bbox 1258 1411 1320 1473; x_wconf 93' lang='lat' dir='ltr'>quo</span> <span class='ocrx_word' id='word_1_102' title='bbox 1343 1389 1406 1469; x_wconf 70' lang='grc' dir='ltr'>ἄρα</span> <span class='ocrx_word' id='word_1_103' title='bbox 1428 1391 1555 1454; x_wconf 90' lang='lat' dir='ltr'>notione</span> <span class='ocrx_word' id='word_1_104' title='bbox 1578 1393 1674 1455; x_wconf 91' lang='lat' dir='ltr'>conti-</span> 
     </span>
     <span class='ocr_line' id='line_1_12' title="bbox 276 1486 1673 1579; baseline 0.004 -26"><span class='ocrx_word' id='word_1_105' title='bbox 276 1491 408 1553; x_wconf 87' lang='lat' dir='ltr'>nuativa</span> <span class='ocrx_word' id='word_1_106' title='bbox 431 1491 621 1553; x_wconf 87' lang='lat' dir='ltr'>instructum</span> <span class='ocrx_word' id='word_1_107' title='bbox 641 1512 711 1554; x_wconf 88' lang='lat' dir='ltr'>esse</span> <span class='ocrx_word' id='word_1_108' title='bbox 731 1489 860 1554; x_wconf 91' lang='lat' dir='ltr'>videtur</span> <span class='ocrx_word' id='word_1_109' title='bbox 883 1489 958 1576; x_wconf 80' lang='grc' dir='ltr'>(δρα</span> <span class='ocrx_word' id='word_1_110' title='bbox 979 1501 1027 1555; x_wconf 91' lang='lat' dir='ltr'>est</span> <span class='ocrx_word' id='word_1_111' title='bbox 1043 1502 1184 1556; x_wconf 88' lang='lat' dir='ltr'>nostrum</span> <span class='ocrx_word' id='word_1_112' title='bbox 1200 1486 1328 1573; x_wconf 67' lang='lat' dir='ltr'>‘fernen</span> <span class='ocrx_word' id='word_1_113' title='bbox 1344 1490 1477 1579; x_wconf 88' lang='lat' dir='ltr'>weiter&#39;,</span> <span class='ocrx_word' id='word_1_114' title='bbox 1493 1496 1534 1560; x_wconf 87' lang='lat' dir='ltr'>cf.</span> <span class='ocrx_word' id='word_1_115' title='bbox 1547 1502 1585 1560; x_wconf 89' lang='lat' dir='ltr'><em>A</em></span> <span class='ocrx_word' id='word_1_116' title='bbox 1600 1495 1673 1575; x_wconf 83' lang='lat'>308,</span> 
     </span>
     <span class='ocr_line' id='line_1_13' title="bbox 276 1594 1675 1683; baseline 0.004 -24"><span class='ocrx_word' id='word_1_117' title='bbox 276 1599 306 1659; x_wconf 91' lang='lat' dir='ltr'><strong><em>B</em></strong></span> <span class='ocrx_word' id='word_1_118' title='bbox 329 1594 380 1677; x_wconf 93' lang='grc'>20,</span> <span class='ocrx_word' id='word_1_119' title='bbox 404 1594 476 1677; x_wconf 89' lang='grc'>546,</span> <span class='ocrx_word' id='word_1_120' title='bbox 503 1594 566 1659; x_wconf 89' lang='grc'>615</span> <span class='ocrx_word' id='word_1_121' title='bbox 593 1594 659 1679; x_wconf 82' lang='lat' dir='ltr'>al).</span> <span class='ocrx_word' id='word_1_122' title='bbox 704 1594 806 1660; x_wconf 87' lang='lat' dir='ltr'>forma</span> <span class='ocrx_word' id='word_1_123' title='bbox 840 1605 948 1660; x_wconf 87' lang='lat' dir='ltr'>autem</span> <span class='ocrx_word' id='word_1_124' title='bbox 981 1598 1021 1677; x_wconf 76' lang='lat' dir='ltr'>dp</span> <span class='ocrx_word' id='word_1_125' title='bbox 1030 1595 1057 1682; x_wconf 82' lang='lat'>⁴)</span> <span class='ocrx_word' id='word_1_126' title='bbox 1092 1608 1228 1683; x_wconf 85' lang='lat' dir='ltr'>excepto</span> <span class='ocrx_word' id='word_1_127' title='bbox 1261 1597 1331 1663; x_wconf 92' lang='lat' dir='ltr'>loco</span> <span class='ocrx_word' id='word_1_128' title='bbox 1361 1598 1457 1664; x_wconf 84' lang='lat' dir='ltr'>Ther.</span> <span class='ocrx_word' id='word_1_129' title='bbox 1482 1598 1546 1664; x_wconf 89' lang='grc'>579</span> <span class='ocrx_word' id='word_1_130' title='bbox 1577 1599 1675 1665; x_wconf 88' lang='lat' dir='ltr'>semel</span> 
     </span>
     <span class='ocr_line' id='line_1_14' title="bbox 277 1698 1675 1791; baseline 0.005 -28"><span class='ocrx_word' id='word_1_131' title='bbox 277 1710 401 1764; x_wconf 88' lang='lat' dir='ltr'>tantum</span> <span class='ocrx_word' id='word_1_132' title='bbox 417 1702 579 1764; x_wconf 86' lang='lat' dir='ltr'>invenitur</span> <span class='ocrx_word' id='word_1_133' title='bbox 594 1700 689 1764; x_wconf 86' lang='lat' dir='ltr'>Ther.</span> <span class='ocrx_word' id='word_1_134' title='bbox 706 1699 771 1763; x_wconf 89' lang='grc'>562</span> <span class='ocrx_word' id='word_1_135' title='bbox 793 1698 848 1766; x_wconf 83' lang='grc' dir='ltr'>καὶ</span> <span class='ocrx_word' id='word_1_136' title='bbox 870 1703 984 1785; x_wconf 80' lang='grc' dir='ltr'><strong><em>τὰμὲν</em></strong></span> <span class='ocrx_word' id='word_1_137' title='bbox 1006 1702 1045 1785; x_wconf 73' lang='lat' dir='ltr'>dp</span> <span class='ocrx_word' id='word_1_138' title='bbox 1067 1704 1229 1785; x_wconf 81' lang='grc' dir='ltr'><strong><em>σύμμικτα</em></strong></span> <span class='ocrx_word' id='word_1_139' title='bbox 1251 1710 1348 1783; x_wconf 75' lang='grc' dir='ltr'><strong><em>πιεῖν,</em></strong></span> <span class='ocrx_word' id='word_1_140' title='bbox 1372 1726 1434 1790; x_wconf 94' lang='lat' dir='ltr'>quo</span> <span class='ocrx_word' id='word_1_141' title='bbox 1456 1705 1527 1769; x_wconf 90' lang='lat' dir='ltr'>loco</span> <span class='ocrx_word' id='word_1_142' title='bbox 1550 1706 1675 1791; x_wconf 85' lang='lat' dir='ltr'>singula</span> 
     </span>
     <span class='ocr_line' id='line_1_15' title="bbox 276 1803 1674 1895; baseline 0.003 -25"><span class='ocrx_word' id='word_1_143' title='bbox 276 1805 420 1870; x_wconf 91' lang='lat' dir='ltr'>remedia</span> <span class='ocrx_word' id='word_1_144' title='bbox 443 1806 601 1890; x_wconf 90' lang='lat' dir='ltr'>prioribus</span> <span class='ocrx_word' id='word_1_145' title='bbox 623 1806 770 1870; x_wconf 87' lang='lat' dir='ltr'>versibus</span> <span class='ocrx_word' id='word_1_146' title='bbox 793 1807 917 1891; x_wconf 88' lang='lat' dir='ltr'>prolata</span> <span class='ocrx_word' id='word_1_147' title='bbox 941 1807 1259 1891; x_wconf 89' lang='lat' dir='ltr'>comprehenduntur</span> <span class='ocrx_word' id='word_1_148' title='bbox 1284 1808 1337 1895; x_wconf 78' lang='grc' dir='ltr'>(δίρ</span> <span class='ocrx_word' id='word_1_149' title='bbox 1353 1818 1402 1873; x_wconf 89' lang='lat' dir='ltr'>est</span> <span class='ocrx_word' id='word_1_150' title='bbox 1420 1819 1564 1875; x_wconf 89' lang='lat' dir='ltr'>nostrum</span> <span class='ocrx_word' id='word_1_151' title='bbox 1586 1803 1674 1890; x_wconf 86' lang='lat' dir='ltr'>‘also,</span> 
     </span>
     <span class='ocr_line' id='line_1_16' title="bbox 277 1904 1675 2001; baseline 0.004 -27"><span class='ocrx_word' id='word_1_152' title='bbox 277 1935 343 1974; x_wconf 92' lang='lat' dir='ltr'>nun</span> <span class='ocrx_word' id='word_1_153' title='bbox 367 1904 474 1993; x_wconf 82' lang='lat' dir='ltr'>denn’,</span> <span class='ocrx_word' id='word_1_154' title='bbox 504 1912 543 1975; x_wconf 87' lang='lat' dir='ltr'>cf.</span> <span class='ocrx_word' id='word_1_155' title='bbox 567 1915 595 1974; x_wconf 91' lang='lat' dir='ltr'>B</span> <span class='ocrx_word' id='word_1_156' title='bbox 615 1910 701 1997; x_wconf 93' lang='grc'>760).</span> <span class='ocrx_word' id='word_1_157' title='bbox 748 1912 851 1976; x_wconf 86' lang='lat' dir='ltr'>forma</span> <span class='ocrx_word' id='word_1_158' title='bbox 884 1934 962 1976; x_wconf 89' lang='lat' dir='ltr'>vero</span> <span class='ocrx_word' id='word_1_159' title='bbox 997 1911 1165 1978; x_wconf 88' lang='lat' dir='ltr'>decurtata</span> <span class='ocrx_word' id='word_1_160' title='bbox 1197 1918 1246 1997; x_wconf 83' lang='grc' dir='ltr'>ῥά,</span> <span class='ocrx_word' id='word_1_161' title='bbox 1282 1937 1365 1999; x_wconf 88' lang='lat' dir='ltr'>quae</span> <span class='ocrx_word' id='word_1_162' title='bbox 1399 1917 1514 1979; x_wconf 88' lang='lat' dir='ltr'>ceteris</span> <span class='ocrx_word' id='word_1_163' title='bbox 1548 1919 1675 2001; x_wconf 87' lang='lat' dir='ltr'>saepius</span> 
     </span>
     <span class='ocr_line' id='line_1_17' title="bbox 277 2014 1675 2104; baseline 0.004 -25"><span class='ocrx_word' id='word_1_164' title='bbox 277 2016 364 2100; x_wconf 89' lang='lat' dir='ltr'>apud</span> <span class='ocrx_word' id='word_1_165' title='bbox 386 2014 586 2079; x_wconf 79' lang='lat' dir='ltr'>Nicandrum</span> <span class='ocrx_word' id='word_1_166' title='bbox 610 2017 779 2098; x_wconf 88' lang='lat' dir='ltr'>invenitur,</span> <span class='ocrx_word' id='word_1_167' title='bbox 809 2039 883 2080; x_wconf 90' lang='lat' dir='ltr'>cum</span> <span class='ocrx_word' id='word_1_168' title='bbox 909 2017 1073 2101; x_wconf 83' lang='lat' dir='ltr'>particulis</span> <span class='ocrx_word' id='word_1_169' title='bbox 1101 2041 1140 2082; x_wconf 90' lang='lat' dir='ltr'>ac</span> <span class='ocrx_word' id='word_1_170' title='bbox 1166 2018 1307 2083; x_wconf 84' lang='lat' dir='ltr'>relativis</span> <span class='ocrx_word' id='word_1_171' title='bbox 1335 2020 1576 2104; x_wconf 89' lang='lat' dir='ltr'>pronominibus</span> <span class='ocrx_word' id='word_1_172' title='bbox 1603 2042 1675 2094; x_wconf 87' lang='lat' dir='ltr'>con-</span> 
     </span>
     <span class='ocr_line' id='line_1_18' title="bbox 276 2120 1674 2209; baseline 0.003 -24"><span class='ocrx_word' id='word_1_173' title='bbox 276 2120 555 2205; x_wconf 91' lang='lat' dir='ltr'>iunctionibusque</span> <span class='ocrx_word' id='word_1_174' title='bbox 580 2123 791 2205; x_wconf 87' lang='lat' dir='ltr'>coniungitur.</span> <span class='ocrx_word' id='word_1_175' title='bbox 829 2123 1007 2207; x_wconf 87' lang='lat' dir='ltr'>particulae</span> <span class='ocrx_word' id='word_1_176' title='bbox 1029 2125 1136 2208; x_wconf 85' lang='lat' dir='ltr'>igitur,</span> <span class='ocrx_word' id='word_1_177' title='bbox 1160 2123 1276 2208; x_wconf 90' lang='lat' dir='ltr'>quibus</span> <span class='ocrx_word' id='word_1_178' title='bbox 1299 2128 1338 2209; x_wconf 79' lang='grc' dir='ltr'>ῥά</span> <span class='ocrx_word' id='word_1_179' title='bbox 1354 2124 1493 2207; x_wconf 87' lang='lat' dir='ltr'>additur,</span> <span class='ocrx_word' id='word_1_180' title='bbox 1518 2136 1591 2189; x_wconf 88' lang='lat' dir='ltr'>sunt</span> <span class='ocrx_word' id='word_1_181' title='bbox 1604 2123 1674 2190; x_wconf 77' lang='lat' dir='ltr'>rol:</span> 
     </span>
     <span class='ocr_line' id='line_1_19' title="bbox 277 2222 1675 2317; baseline 0.003 -27"><span class='ocrx_word' id='word_1_182' title='bbox 277 2226 327 2290; x_wconf 88' lang='lat' dir='ltr'>Al.</span> <span class='ocrx_word' id='word_1_183' title='bbox 348 2225 408 2290; x_wconf 89' lang='grc'>175</span> <span class='ocrx_word' id='word_1_184' title='bbox 430 2224 486 2291; x_wconf 79' lang='grc' dir='ltr'>καί</span> <span class='ocrx_word' id='word_1_185' title='bbox 508 2222 536 2309; x_wconf 80' lang='grc' dir='ltr'>ῥ’</span> <span class='ocrx_word' id='word_1_186' title='bbox 559 2224 577 2313; x_wconf 73' lang='grc' dir='ltr'>ἢ</span> <span class='ocrx_word' id='word_1_187' title='bbox 600 2224 658 2310; x_wconf 81' lang='grc' dir='ltr'>μὲν</span> <span class='ocrx_word' id='word_1_188' title='bbox 681 2225 760 2309; x_wconf 86' lang='lat' dir='ltr'>(scil.</span> <span class='ocrx_word' id='word_1_189' title='bbox 785 2226 952 2313; x_wconf 74' lang='grc' dir='ltr'>θάλασσα)</span> <span class='ocrx_word' id='word_1_190' title='bbox 976 2231 1191 2314; x_wconf 80' lang='grc' dir='ltr'><strong><em>ἀκοομήεοσο,</em></strong></span> <span class='ocrx_word' id='word_1_191' title='bbox 1219 2230 1371 2317; x_wconf 76' lang='grc' dir='ltr'><strong><em>φιλοργὴς</em></strong></span> <span class='ocrx_word' id='word_1_192' title='bbox 1390 2229 1394 2313; x_wconf 92' lang='grc' dir='ltr'>Ι</span> <span class='ocrx_word' id='word_1_193' title='bbox 1416 2229 1566 2309; x_wconf 80' lang='grc' dir='ltr'><strong><em>δεονεόζει</em></strong></span> <span class='ocrx_word' id='word_1_194' title='bbox 1593 2240 1675 2316; x_wconf 84' lang='grc' dir='ltr'><strong><em>νηῶν</em></strong></span> 
     </span>
     <span class='ocr_line' id='line_1_20' title="bbox 278 2329 1675 2419; baseline 0.002 -24"><span class='ocrx_word' id='word_1_195' title='bbox 278 2329 354 2416; x_wconf 91' lang='lat' dir='ltr'>(quo</span> <span class='ocrx_word' id='word_1_196' title='bbox 387 2330 456 2395; x_wconf 93' lang='lat' dir='ltr'>loco</span> <span class='ocrx_word' id='word_1_197' title='bbox 490 2332 538 2413; x_wconf 86' lang='lat' dir='ltr'>iis,</span> <span class='ocrx_word' id='word_1_198' title='bbox 573 2353 656 2415; x_wconf 90' lang='lat' dir='ltr'>quae</span> <span class='ocrx_word' id='word_1_199' title='bbox 690 2332 899 2415; x_wconf 85' lang='lat' dir='ltr'>praecedunt,</span> <span class='ocrx_word' id='word_1_200' title='bbox 940 2342 1035 2417; x_wconf 88' lang='lat' dir='ltr'>poeta</span> <span class='ocrx_word' id='word_1_201' title='bbox 1073 2356 1192 2419; x_wconf 91' lang='lat' dir='ltr'>aquam</span> <span class='ocrx_word' id='word_1_202' title='bbox 1225 2343 1322 2419; x_wconf 90' lang='lat' dir='ltr'>atque</span> <span class='ocrx_word' id='word_1_203' title='bbox 1360 2336 1467 2419; x_wconf 84' lang='lat' dir='ltr'>ignem</span> <span class='ocrx_word' id='word_1_204' title='bbox 1506 2344 1675 2399; x_wconf 88' lang='lat' dir='ltr'>ventorum</span> 
     </span>
     <span class='ocr_line' id='line_1_21' title="bbox 276 2431 1674 2521; baseline 0.004 -23"><span class='ocrx_word' id='word_1_205' title='bbox 276 2438 436 2519; x_wconf 89' lang='lat' dir='ltr'>potentiae</span> <span class='ocrx_word' id='word_1_206' title='bbox 467 2435 607 2499; x_wconf 84' lang='lat' dir='ltr'>obnoxia</span> <span class='ocrx_word' id='word_1_207' title='bbox 637 2458 708 2499; x_wconf 89' lang='lat' dir='ltr'>esse</span> <span class='ocrx_word' id='word_1_208' title='bbox 739 2446 857 2520; x_wconf 85' lang='lat' dir='ltr'>narrat,</span> <span class='ocrx_word' id='word_1_209' title='bbox 887 2446 924 2501; x_wconf 90' lang='lat' dir='ltr'>ut</span> <span class='ocrx_word' id='word_1_210' title='bbox 952 2436 1006 2502; x_wconf 87' lang='grc' dir='ltr'>καῖ</span> <span class='ocrx_word' id='word_1_211' title='bbox 1028 2442 1067 2519; x_wconf 85' lang='grc' dir='ltr'>ῥα</span> <span class='ocrx_word' id='word_1_212' title='bbox 1097 2438 1182 2503; x_wconf 87' lang='lat' dir='ltr'>idem</span> <span class='ocrx_word' id='word_1_213' title='bbox 1215 2448 1310 2521; x_wconf 88' lang='lat' dir='ltr'>atque</span> <span class='ocrx_word' id='word_1_214' title='bbox 1342 2439 1573 2505; x_wconf 82' lang='lat' dir='ltr'>Germanicum</span> <span class='ocrx_word' id='word_1_215' title='bbox 1595 2431 1674 2503; x_wconf 84' lang='lat' dir='ltr'>‘und</span> 
     </span>
    </p>
   </div>
   <div class='ocr_carea' id='block_1_3' title="bbox 275 2535 1675 2839">
    <p class='ocr_par' dir='ltr' id='par_1_4' title="bbox 275 2535 1675 2839">
     <span class='ocr_line' id='line_1_22' title="bbox 277 2535 1674 2630; baseline 0.004 -25"><span class='ocrx_word' id='word_1_216' title='bbox 277 2540 370 2618; x_wconf 90' lang='lat' dir='ltr'>doch,</span> <span class='ocrx_word' id='word_1_217' title='bbox 394 2539 461 2605; x_wconf 91' lang='lat' dir='ltr'>und</span> <span class='ocrx_word' id='word_1_218' title='bbox 484 2535 712 2605; x_wconf 86' lang='lat' dir='ltr'>andererseits&#39;</span> <span class='ocrx_word' id='word_1_219' title='bbox 734 2542 843 2607; x_wconf 86' lang='lat' dir='ltr'>valere</span> <span class='ocrx_word' id='word_1_220' title='bbox 864 2542 1064 2628; x_wconf 79' lang='lat' dir='ltr'>videatur)⁵)</span> <span class='ocrx_word' id='word_1_221' title='bbox 1092 2552 1123 2607; x_wconf 88' lang='lat' dir='ltr'>et</span> <span class='ocrx_word' id='word_1_222' title='bbox 1149 2547 1224 2626; x_wconf 78' lang='lat' dir='ltr'>ydp:</span> <span class='ocrx_word' id='word_1_223' title='bbox 1252 2544 1349 2608; x_wconf 92' lang='lat' dir='ltr'>Ther.</span> <span class='ocrx_word' id='word_1_224' title='bbox 1371 2543 1432 2606; x_wconf 88' lang='grc'>347</span> <span class='ocrx_word' id='word_1_225' title='bbox 1457 2545 1496 2630; x_wconf 85' lang='grc' dir='ltr'>δι)</span> <span class='ocrx_word' id='word_1_226' title='bbox 1517 2549 1576 2627; x_wconf 72' lang='grc' dir='ltr'>γάρ</span> <span class='ocrx_word' id='word_1_227' title='bbox 1599 2545 1674 2627; x_wconf 64' lang='lat' dir='ltr'>dall</span> 
     </span>
     <span class='ocr_line' id='line_1_23' title="bbox 275 2641 1675 2735; baseline 0.005 -26"><span class='ocrx_word' id='word_1_228' title='bbox 275 2648 375 2725; x_wconf 77' lang='grc' dir='ltr'><strong><em>πορδς</em></strong></span> <span class='ocrx_word' id='word_1_229' title='bbox 397 2641 537 2731; x_wconf 80' lang='grc' dir='ltr'><strong><em>ληίστορ’</em></strong></span> <span class='ocrx_word' id='word_1_230' title='bbox 553 2641 692 2711; x_wconf 61' lang='lat' dir='ltr'>abactor.</span> <span class='ocrx_word' id='word_1_231' title='bbox 717 2646 856 2711; x_wconf 88' lang='lat' dir='ltr'>relativis</span> <span class='ocrx_word' id='word_1_232' title='bbox 866 2647 893 2733; x_wconf 69' lang='grc'>7)</span> <span class='ocrx_word' id='word_1_233' title='bbox 927 2657 1035 2730; x_wconf 77' lang='lat' dir='ltr'>autem</span> <span class='ocrx_word' id='word_1_234' title='bbox 1057 2652 1097 2732; x_wconf 85' lang='grc' dir='ltr'>ῥά</span> <span class='ocrx_word' id='word_1_235' title='bbox 1116 2649 1303 2734; x_wconf 78' lang='lat' dir='ltr'>adiungitur</span> <span class='ocrx_word' id='word_1_236' title='bbox 1324 2649 1403 2713; x_wconf 92' lang='lat' dir='ltr'>locis</span> <span class='ocrx_word' id='word_1_237' title='bbox 1422 2648 1474 2713; x_wconf 82' lang='lat' dir='ltr'>Al.</span> <span class='ocrx_word' id='word_1_238' title='bbox 1490 2649 1556 2713; x_wconf 88' lang='grc'>424</span> <span class='ocrx_word' id='word_1_239' title='bbox 1570 2649 1675 2735; x_wconf 85' lang='grc' dir='ltr'>(δ’ρρα)</span> 
     </span>
     <span class='ocr_line' id='line_1_24' title="bbox 277 2749 1674 2839; baseline 0.005 -26"><span class='ocrx_word' id='word_1_240' title='bbox 277 2760 309 2815; x_wconf 90' lang='lat' dir='ltr'>et</span> <span class='ocrx_word' id='word_1_241' title='bbox 324 2750 419 2814; x_wconf 90' lang='lat' dir='ltr'>Ther.</span> <span class='ocrx_word' id='word_1_242' title='bbox 435 2750 497 2813; x_wconf 87' lang='grc'>685</span> <span class='ocrx_word' id='word_1_243' title='bbox 514 2749 593 2836; x_wconf 88' lang='lat' dir='ltr'>(una</span> <span class='ocrx_word' id='word_1_244' title='bbox 609 2773 682 2815; x_wconf 91' lang='lat' dir='ltr'>cum</span> <span class='ocrx_word' id='word_1_245' title='bbox 698 2750 747 2816; x_wconf 76' lang='grc' dir='ltr'>τὲτ</span> <span class='ocrx_word' id='word_1_246' title='bbox 768 2752 845 2833; x_wconf 84' lang='grc' dir='ltr'><strong><em>δ’ρροι</em></strong></span> <span class='ocrx_word' id='word_1_247' title='bbox 859 2752 948 2836; x_wconf 67' lang='grc' dir='ltr'>τε),8)</span> <span class='ocrx_word' id='word_1_248' title='bbox 969 2762 1104 2837; x_wconf 90' lang='lat' dir='ltr'>utroque</span> <span class='ocrx_word' id='word_1_249' title='bbox 1119 2754 1189 2817; x_wconf 92' lang='lat' dir='ltr'>loco</span> <span class='ocrx_word' id='word_1_250' title='bbox 1205 2763 1278 2839; x_wconf 88' lang='lat' dir='ltr'>post</span> <span class='ocrx_word' id='word_1_251' title='bbox 1298 2776 1466 2818; x_wconf 90' lang='lat' dir='ltr'>caesuram</span> <span class='ocrx_word' id='word_1_252' title='bbox 1485 2754 1674 2820; x_wconf 89' lang='lat' dir='ltr'>bucolicam.</span> 
     </span>
    </p>
   </div>
   <div class='ocr_carea' id='block_1_4' title="bbox 276 2855 1677 3047">
    <p class='ocr_par' dir='ltr' id='par_1_5' title="bbox 276 2855 1677 3047">
     <span class='ocr_line' id='line_1_25' title="bbox 276 2855 1677 2945; baseline 0.004 -27"><span class='ocrx_word' id='word_1_253' title='bbox 276 2855 360 2918; x_wconf 88' lang='lat' dir='ltr'>adde</span> <span class='ocrx_word' id='word_1_254' title='bbox 385 2855 470 2941; x_wconf 92' lang='lat' dir='ltr'>quod</span> <span class='ocrx_word' id='word_1_255' title='bbox 485 2855 563 2919; x_wconf 89' lang='lat' dir='ltr'>loeis</span> <span class='ocrx_word' id='word_1_256' title='bbox 577 2855 673 2920; x_wconf 92' lang='lat' dir='ltr'>Ther.</span> <span class='ocrx_word' id='word_1_257' title='bbox 691 2856 764 2939; x_wconf 88' lang='grc'>353,</span> <span class='ocrx_word' id='word_1_258' title='bbox 789 2856 840 2921; x_wconf 85' lang='lat' dir='ltr'>Al.</span> <span class='ocrx_word' id='word_1_259' title='bbox 859 2857 910 2932; x_wconf 92' lang='grc'>13,</span> <span class='ocrx_word' id='word_1_260' title='bbox 927 2856 999 2940; x_wconf 89' lang='grc'>235,</span> <span class='ocrx_word' id='word_1_261' title='bbox 1016 2857 1090 2939; x_wconf 89' lang='grc'>525,</span> <span class='ocrx_word' id='word_1_262' title='bbox 1107 2858 1170 2921; x_wconf 87' lang='grc'>589</span> <span class='ocrx_word' id='word_1_263' title='bbox 1194 2859 1233 2943; x_wconf 84' lang='grc' dir='ltr'>δή</span> <span class='ocrx_word' id='word_1_264' title='bbox 1251 2858 1327 2945; x_wconf 57' lang='lat' dir='ltr'>dost)</span> <span class='ocrx_word' id='word_1_265' title='bbox 1349 2859 1491 2923; x_wconf 86' lang='lat' dir='ltr'>relativis</span> <span class='ocrx_word' id='word_1_266' title='bbox 1514 2857 1677 2924; x_wconf 88' lang='lat' dir='ltr'>adiectum</span> 
     </span>
     <span class='ocr_line' id='line_1_26' title="bbox 276 2960 1676 3047; baseline 0.003 -24"><span class='ocrx_word' id='word_1_267' title='bbox 276 2962 438 3025; x_wconf 93' lang='lat' dir='ltr'>invenitur</span> <span class='ocrx_word' id='word_1_268' title='bbox 452 2960 551 3047; x_wconf 88' lang='lat' dir='ltr'>idque</span> <span class='ocrx_word' id='word_1_269' title='bbox 568 2972 639 3047; x_wconf 88' lang='lat' dir='ltr'>post</span> <span class='ocrx_word' id='word_1_270' title='bbox 654 2984 822 3026; x_wconf 91' lang='lat' dir='ltr'>caesuram</span> <span class='ocrx_word' id='word_1_271' title='bbox 837 2961 1043 3027; x_wconf 90' lang='lat' dir='ltr'>trochaicam.</span> <span class='ocrx_word' id='word_1_272' title='bbox 1071 2972 1171 3027; x_wconf 89' lang='lat' dir='ltr'>restat</span> <span class='ocrx_word' id='word_1_273' title='bbox 1188 2973 1224 3028; x_wconf 90' lang='lat' dir='ltr'>ut</span> <span class='ocrx_word' id='word_1_274' title='bbox 1243 2963 1394 3028; x_wconf 89' lang='lat' dir='ltr'>adnotem</span> <span class='ocrx_word' id='word_1_275' title='bbox 1408 2964 1485 3029; x_wconf 90' lang='lat' dir='ltr'>locis</span> <span class='ocrx_word' id='word_1_276' title='bbox 1500 2964 1597 3029; x_wconf 91' lang='lat' dir='ltr'>Ther.</span> <span class='ocrx_word' id='word_1_277' title='bbox 1613 2965 1676 3028; x_wconf 91' lang='grc'>716</span> 
     </span>
    </p>
   </div>
   <div class='ocr_carea' id='block_1_5' title="bbox 274 3170 1681 4465">
    <p class='ocr_par' dir='ltr' id='par_1_6' title="bbox 379 3170 1676 3326">
     <span class='ocr_line' id='line_1_27' title="bbox 381 3170 1676 3243; baseline 0.004 -22"><span class='ocrx_word' id='word_1_278' title='bbox 381 3170 401 3237; x_wconf 84' lang='grc'>1)</span> <span class='ocrx_word' id='word_1_279' title='bbox 420 3174 496 3222; x_wconf 80' lang='lat' dir='ltr'>cuius</span> <span class='ocrx_word' id='word_1_280' title='bbox 515 3172 664 3237; x_wconf 81' lang='lat' dir='ltr'>particulae</span> <span class='ocrx_word' id='word_1_281' title='bbox 682 3173 779 3223; x_wconf 81' lang='lat' dir='ltr'>formas</span> <span class='ocrx_word' id='word_1_282' title='bbox 797 3178 850 3223; x_wconf 86' lang='lat' dir='ltr'>tros</span> <span class='ocrx_word' id='word_1_283' title='bbox 863 3174 998 3223; x_wconf 86' lang='lat' dir='ltr'>Nicander</span> <span class='ocrx_word' id='word_1_284' title='bbox 1016 3173 1139 3225; x_wconf 86' lang='lat' dir='ltr'>adhibuit</span> <span class='ocrx_word' id='word_1_285' title='bbox 1156 3173 1217 3241; x_wconf 74' lang='grc' dir='ltr'>ἄρα,</span> <span class='ocrx_word' id='word_1_286' title='bbox 1237 3174 1271 3240; x_wconf 76' lang='lat' dir='ltr'>dp</span> <span class='ocrx_word' id='word_1_287' title='bbox 1289 3174 1371 3240; x_wconf 78' lang='lat' dir='ltr'>(quae</span> <span class='ocrx_word' id='word_1_288' title='bbox 1389 3176 1423 3224; x_wconf 85' lang='lat' dir='ltr'>ab</span> <span class='ocrx_word' id='word_1_289' title='bbox 1440 3174 1481 3225; x_wconf 80' lang='lat' dir='ltr'>Al.</span> <span class='ocrx_word' id='word_1_290' title='bbox 1496 3175 1612 3241; x_wconf 84' lang='lat' dir='ltr'>absunt),</span> <span class='ocrx_word' id='word_1_291' title='bbox 1631 3176 1676 3243; x_wconf 80' lang='grc' dir='ltr'>ῥά.</span> 
     </span>
     <span class='ocr_line' id='line_1_28' title="bbox 379 3257 1628 3326; baseline 0.003 -18"><span class='ocrx_word' id='word_1_292' title='bbox 379 3257 400 3323; x_wconf 75' lang='lat'>²)</span> <span class='ocrx_word' id='word_1_293' title='bbox 420 3260 453 3309; x_wconf 86' lang='lat' dir='ltr'>de</span> <span class='ocrx_word' id='word_1_294' title='bbox 465 3260 568 3309; x_wconf 83' lang='lat' dir='ltr'>voculis</span> <span class='ocrx_word' id='word_1_295' title='bbox 581 3257 641 3310; x_wconf 65' lang='grc' dir='ltr'>οὐδ</span> <span class='ocrx_word' id='word_1_296' title='bbox 652 3261 704 3326; x_wconf 79' lang='grc' dir='ltr'><strong><em>δῖριι</em></strong></span> <span class='ocrx_word' id='word_1_297' title='bbox 719 3261 752 3310; x_wconf 82' lang='grc' dir='ltr'>οῖ.</span> <span class='ocrx_word' id='word_1_298' title='bbox 764 3261 837 3310; x_wconf 91' lang='lat' dir='ltr'>locos</span> <span class='ocrx_word' id='word_1_299' title='bbox 850 3262 1006 3311; x_wconf 86' lang='lat' dir='ltr'>Homericos</span> <span class='ocrx_word' id='word_1_300' title='bbox 1020 3266 1046 3311; x_wconf 88' lang='lat' dir='ltr'><em>E</em></span> <span class='ocrx_word' id='word_1_301' title='bbox 1056 3264 1115 3322; x_wconf 84' lang='grc'>674,</span> <span class='ocrx_word' id='word_1_302' title='bbox 1128 3266 1159 3312; x_wconf 96' lang='lat' dir='ltr'><em>A</em></span> <span class='ocrx_word' id='word_1_303' title='bbox 1171 3263 1230 3322; x_wconf 89' lang='grc'>376,</span> <span class='ocrx_word' id='word_1_304' title='bbox 1244 3266 1273 3312; x_wconf 94' lang='grc' dir='ltr'><em>Ν</em></span> <span class='ocrx_word' id='word_1_305' title='bbox 1282 3264 1341 3323; x_wconf 92' lang='grc'>712,</span> <span class='ocrx_word' id='word_1_306' title='bbox 1357 3263 1379 3312; x_wconf 91' lang='grc'>0</span> <span class='ocrx_word' id='word_1_307' title='bbox 1392 3264 1452 3323; x_wconf 92' lang='grc'>236,</span> <span class='ocrx_word' id='word_1_308' title='bbox 1465 3264 1524 3323; x_wconf 88' lang='grc'>708,</span> <span class='ocrx_word' id='word_1_309' title='bbox 1538 3265 1628 3312; x_wconf 85' lang='grc' dir='ltr'>Υ398.</span> 
     </span>
    </p>

    <p class='ocr_par' dir='ltr' id='par_1_7' title="bbox 379 3344 1177 3416">
     <span class='ocr_line' id='line_1_29' title="bbox 379 3344 1177 3416; baseline 0.003 -19"><span class='ocrx_word' id='word_1_310' title='bbox 379 3344 400 3408; x_wconf 77' lang='grc'>8)</span> <span class='ocrx_word' id='word_1_311' title='bbox 420 3347 469 3397; x_wconf 84' lang='grc' dir='ltr'>οὐκ</span> <span class='ocrx_word' id='word_1_312' title='bbox 488 3348 541 3413; x_wconf 73' lang='grc' dir='ltr'>ἄρα</span> <span class='ocrx_word' id='word_1_313' title='bbox 561 3346 608 3411; x_wconf 68' lang='grc' dir='ltr'>δή,</span> <span class='ocrx_word' id='word_1_314' title='bbox 628 3348 660 3398; x_wconf 90' lang='lat' dir='ltr'>de</span> <span class='ocrx_word' id='word_1_315' title='bbox 679 3349 732 3416; x_wconf 76' lang='grc' dir='ltr'>δρα</span> <span class='ocrx_word' id='word_1_316' title='bbox 751 3348 785 3409; x_wconf 87' lang='grc' dir='ltr'>δή</span> <span class='ocrx_word' id='word_1_317' title='bbox 803 3350 882 3399; x_wconf 86' lang='lat' dir='ltr'>cf.H</span> <span class='ocrx_word' id='word_1_318' title='bbox 892 3351 951 3409; x_wconf 90' lang='grc'>360,</span> <span class='ocrx_word' id='word_1_319' title='bbox 970 3367 987 3399; x_wconf 91' lang='grc' dir='ltr'><em>α</em></span> <span class='ocrx_word' id='word_1_320' title='bbox 1006 3351 1065 3409; x_wconf 89' lang='grc'>231,</span> <span class='ocrx_word' id='word_1_321' title='bbox 1085 3366 1100 3416; x_wconf 84' lang='grc' dir='ltr'><em>ρ</em></span> <span class='ocrx_word' id='word_1_322' title='bbox 1123 3350 1177 3399; x_wconf 89' lang='grc'>185.</span> 
     </span>
    </p>

    <p class='ocr_par' dir='ltr' id='par_1_8' title="bbox 380 3432 978 3502">
     <span class='ocr_line' id='line_1_30' title="bbox 380 3432 978 3502; baseline 0 -15"><span class='ocrx_word' id='word_1_323' title='bbox 380 3432 400 3487; x_wconf 79' lang='lat' dir='ltr'>⁴l</span> <span class='ocrx_word' id='word_1_324' title='bbox 421 3450 490 3498; x_wconf 89' lang='lat' dir='ltr'>quae</span> <span class='ocrx_word' id='word_1_325' title='bbox 508 3435 592 3484; x_wconf 81' lang='lat' dir='ltr'>forma</span> <span class='ocrx_word' id='word_1_326' title='bbox 610 3437 661 3485; x_wconf 92' lang='lat' dir='ltr'>nisi</span> <span class='ocrx_word' id='word_1_327' title='bbox 680 3437 708 3485; x_wconf 91' lang='lat' dir='ltr'>in</span> <span class='ocrx_word' id='word_1_328' title='bbox 727 3438 779 3486; x_wconf 87' lang='lat' dir='ltr'>arsi</span> <span class='ocrx_word' id='word_1_329' title='bbox 799 3453 852 3486; x_wconf 94' lang='lat' dir='ltr'>non</span> <span class='ocrx_word' id='word_1_330' title='bbox 871 3438 978 3502; x_wconf 85' lang='lat' dir='ltr'>legitur.</span> 
     </span>
    </p>

    <p class='ocr_par' dir='ltr' id='par_1_9' title="bbox 275 3519 1678 3763">
     <span class='ocr_line' id='line_1_31' title="bbox 379 3519 1678 3590; baseline 0.005 -20"><span class='ocrx_word' id='word_1_331' title='bbox 379 3519 400 3582; x_wconf 74' lang='grc'>5)</span> <span class='ocrx_word' id='word_1_332' title='bbox 420 3521 474 3570; x_wconf 89' lang='lat' dir='ltr'>alia</span> <span class='ocrx_word' id='word_1_333' title='bbox 493 3524 565 3571; x_wconf 91' lang='lat' dir='ltr'>notio</span> <span class='ocrx_word' id='word_1_334' title='bbox 583 3524 616 3571; x_wconf 70' lang='lat' dir='ltr'>in·</span> <span class='ocrx_word' id='word_1_335' title='bbox 629 3524 767 3586; x_wconf 86' lang='lat' dir='ltr'>particulis</span> <span class='ocrx_word' id='word_1_336' title='bbox 786 3528 834 3574; x_wconf 82' lang='grc' dir='ltr'>καί</span> <span class='ocrx_word' id='word_1_337' title='bbox 849 3523 882 3590; x_wconf 80' lang='grc' dir='ltr'>ῥα</span> <span class='ocrx_word' id='word_1_338' title='bbox 902 3526 1052 3574; x_wconf 88' lang='lat' dir='ltr'>coniunctis</span> <span class='ocrx_word' id='word_1_339' title='bbox 1074 3525 1144 3574; x_wconf 86' lang='lat' dir='ltr'>inest</span> <span class='ocrx_word' id='word_1_340' title='bbox 1167 3525 1233 3575; x_wconf 86' lang='lat' dir='ltr'>locis</span> <span class='ocrx_word' id='word_1_341' title='bbox 1254 3526 1405 3575; x_wconf 85' lang='lat' dir='ltr'>Homericis</span> <span class='ocrx_word' id='word_1_342' title='bbox 1417 3529 1445 3575; x_wconf 90' lang='lat' dir='ltr'><em>A</em></span> <span class='ocrx_word' id='word_1_343' title='bbox 1462 3527 1521 3584; x_wconf 88' lang='grc'>360,</span> <span class='ocrx_word' id='word_1_344' title='bbox 1539 3528 1599 3585; x_wconf 92' lang='grc'>500,</span> <span class='ocrx_word' id='word_1_345' title='bbox 1615 3528 1678 3586; x_wconf 86' lang='grc'>569,</span> 
     </span>
     <span class='ocr_line' id='line_1_32' title="bbox 278 3601 1678 3678; baseline 0.005 -20"><span class='ocrx_word' id='word_1_346' title='bbox 278 3614 300 3658; x_wconf 90' lang='grc' dir='ltr'><strong><em>Γ</em></strong></span> <span class='ocrx_word' id='word_1_347' title='bbox 310 3611 350 3668; x_wconf 88' lang='grc'>77,</span> <span class='ocrx_word' id='word_1_348' title='bbox 371 3610 428 3669; x_wconf 88' lang='grc'>113,</span> <span class='ocrx_word' id='word_1_349' title='bbox 447 3611 471 3658; x_wconf 88' lang='grc' dir='ltr'><em>Λ</em></span> <span class='ocrx_word' id='word_1_350' title='bbox 488 3612 546 3672; x_wconf 89' lang='grc'>379,</span> <span class='ocrx_word' id='word_1_351' title='bbox 563 3613 581 3672; x_wconf 88' lang='grc' dir='ltr'>β</span> <span class='ocrx_word' id='word_1_352' title='bbox 598 3612 660 3671; x_wconf 69' lang='grc'>362,</span> <span class='ocrx_word' id='word_1_353' title='bbox 685 3611 717 3660; x_wconf 86' lang='lat' dir='ltr'>ef.</span> <span class='ocrx_word' id='word_1_354' title='bbox 735 3610 765 3660; x_wconf 79' lang='lat' dir='ltr'>A.</span> <span class='ocrx_word' id='word_1_355' title='bbox 783 3612 876 3661; x_wconf 84' lang='lat' dir='ltr'>Rhode</span> <span class='ocrx_word' id='word_1_356' title='bbox 896 3601 979 3662; x_wconf 79' lang='lat' dir='ltr'>‘llber</span> <span class='ocrx_word' id='word_1_357' title='bbox 1001 3612 1052 3662; x_wconf 90' lang='lat' dir='ltr'>den</span> <span class='ocrx_word' id='word_1_358' title='bbox 1076 3612 1217 3662; x_wconf 85' lang='lat' dir='ltr'>Gebrauch</span> <span class='ocrx_word' id='word_1_359' title='bbox 1236 3613 1260 3662; x_wconf 91' lang='lat' dir='ltr'>d.</span> <span class='ocrx_word' id='word_1_360' title='bbox 1279 3612 1399 3663; x_wconf 88' lang='lat' dir='ltr'>Partikel</span> <span class='ocrx_word' id='word_1_361' title='bbox 1424 3613 1476 3678; x_wconf 76' lang='grc' dir='ltr'>ἄρα</span> <span class='ocrx_word' id='word_1_362' title='bbox 1499 3614 1543 3663; x_wconf 88' lang='lat' dir='ltr'>bei</span> <span class='ocrx_word' id='word_1_363' title='bbox 1566 3612 1678 3665; x_wconf 88' lang='lat' dir='ltr'>Homer’</span> 
     </span>
     <span class='ocr_line' id='line_1_33' title="bbox 275 3696 984 3763; baseline 0.008 -20"><span class='ocrx_word' id='word_1_364' title='bbox 275 3696 383 3745; x_wconf 86' lang='lat' dir='ltr'>Moersii</span> <span class='ocrx_word' id='word_1_365' title='bbox 404 3698 479 3757; x_wconf 88' lang='grc'>1867,</span> <span class='ocrx_word' id='word_1_366' title='bbox 496 3714 521 3761; x_wconf 89' lang='lat' dir='ltr'>p.</span> <span class='ocrx_word' id='word_1_367' title='bbox 536 3699 577 3760; x_wconf 89' lang='grc'>27,</span> <span class='ocrx_word' id='word_1_368' title='bbox 590 3698 712 3763; x_wconf 85' lang='lat' dir='ltr'>Krueger</span> <span class='ocrx_word' id='word_1_369' title='bbox 730 3700 773 3747; x_wconf 91' lang='lat' dir='ltr'>Di.</span> <span class='ocrx_word' id='word_1_370' title='bbox 793 3702 807 3761; x_wconf 67' lang='grc' dir='ltr'>ξ</span> <span class='ocrx_word' id='word_1_371' title='bbox 822 3702 862 3759; x_wconf 87' lang='grc'>69,</span> <span class='ocrx_word' id='word_1_372' title='bbox 877 3701 901 3758; x_wconf 89' lang='grc'>9,</span> <span class='ocrx_word' id='word_1_373' title='bbox 914 3700 930 3747; x_wconf 91' lang='grc'>4</span> <span class='ocrx_word' id='word_1_374' title='bbox 949 3700 984 3749; x_wconf 90' lang='lat' dir='ltr'>al.</span> 
     </span>
    </p>

    <p class='ocr_par' dir='ltr' id='par_1_10' title="bbox 275 3782 1678 4010">
     <span class='ocr_line' id='line_1_34' title="bbox 379 3782 1678 3854; baseline 0.005 -22"><span class='ocrx_word' id='word_1_375' title='bbox 379 3782 400 3848; x_wconf 69' lang='grc'>6)</span> <span class='ocrx_word' id='word_1_376' title='bbox 419 3800 498 3848; x_wconf 89' lang='lat' dir='ltr'>quam</span> <span class='ocrx_word' id='word_1_377' title='bbox 525 3787 675 3835; x_wconf 86' lang='lat' dir='ltr'>iuncturam</span> <span class='ocrx_word' id='word_1_378' title='bbox 702 3786 837 3836; x_wconf 89' lang='lat' dir='ltr'>Nicander</span> <span class='ocrx_word' id='word_1_379' title='bbox 864 3803 896 3837; x_wconf 84' lang='lat' dir='ltr'>ex</span> <span class='ocrx_word' id='word_1_380' title='bbox 923 3788 1072 3836; x_wconf 87' lang='lat' dir='ltr'>Homericis</span> <span class='ocrx_word' id='word_1_381' title='bbox 1100 3784 1133 3850; x_wconf 82' lang='grc' dir='ltr'>δὴ</span> <span class='ocrx_word' id='word_1_382' title='bbox 1157 3785 1211 3852; x_wconf 77' lang='grc' dir='ltr'>γάρ</span> <span class='ocrx_word' id='word_1_383' title='bbox 1239 3793 1266 3837; x_wconf 91' lang='lat' dir='ltr'>et</span> <span class='ocrx_word' id='word_1_384' title='bbox 1292 3791 1345 3853; x_wconf 72' lang='grc' dir='ltr'>γάρ</span> <span class='ocrx_word' id='word_1_385' title='bbox 1366 3787 1400 3854; x_wconf 81' lang='grc' dir='ltr'>ῥα</span> <span class='ocrx_word' id='word_1_386' title='bbox 1427 3790 1529 3853; x_wconf 91' lang='lat' dir='ltr'>primus</span> <span class='ocrx_word' id='word_1_387' title='bbox 1556 3788 1678 3839; x_wconf 85' lang='lat' dir='ltr'>effecisse</span> 
     </span>
     <span class='ocr_line' id='line_1_35' title="bbox 275 3871 1678 3941; baseline 0.006 -23"><span class='ocrx_word' id='word_1_388' title='bbox 275 3871 393 3928; x_wconf 67' lang='lat' dir='ltr'>videtum</span> <span class='ocrx_word' id='word_1_389' title='bbox 421 3872 453 3921; x_wconf 86' lang='lat' dir='ltr'>de</span> <span class='ocrx_word' id='word_1_390' title='bbox 480 3872 618 3937; x_wconf 87' lang='lat' dir='ltr'>particulis</span> <span class='ocrx_word' id='word_1_391' title='bbox 641 3876 695 3941; x_wconf 80' lang='grc' dir='ltr'>γάρ</span> <span class='ocrx_word' id='word_1_392' title='bbox 719 3872 752 3941; x_wconf 78' lang='grc' dir='ltr'>ῥα</span> <span class='ocrx_word' id='word_1_393' title='bbox 776 3876 927 3924; x_wconf 84' lang='lat' dir='ltr'>coniunctis</span> <span class='ocrx_word' id='word_1_394' title='bbox 950 3875 983 3923; x_wconf 87' lang='lat' dir='ltr'>cf.</span> <span class='ocrx_word' id='word_1_395' title='bbox 997 3879 1024 3923; x_wconf 90' lang='lat' dir='ltr'><em>A</em></span> <span class='ocrx_word' id='word_1_396' title='bbox 1043 3875 1100 3934; x_wconf 89' lang='grc'>113,</span> <span class='ocrx_word' id='word_1_397' title='bbox 1118 3876 1177 3938; x_wconf 87' lang='grc'>236,</span> <span class='ocrx_word' id='word_1_398' title='bbox 1195 3878 1225 3925; x_wconf 92' lang='grc' dir='ltr'><em>Ν</em></span> <span class='ocrx_word' id='word_1_399' title='bbox 1238 3876 1298 3936; x_wconf 90' lang='grc'>352,</span> <span class='ocrx_word' id='word_1_400' title='bbox 1315 3892 1334 3941; x_wconf 83' lang='lat' dir='ltr'><em>y</em></span> <span class='ocrx_word' id='word_1_401' title='bbox 1352 3877 1401 3924; x_wconf 83' lang='lat'>143</span> <span class='ocrx_word' id='word_1_402' title='bbox 1425 3881 1452 3925; x_wconf 90' lang='lat' dir='ltr'>et</span> <span class='ocrx_word' id='word_1_403' title='bbox 1473 3875 1566 3926; x_wconf 84' lang='lat' dir='ltr'>Rhode</span> <span class='ocrx_word' id='word_1_404' title='bbox 1589 3894 1615 3941; x_wconf 91' lang='lat' dir='ltr'>p.</span> <span class='ocrx_word' id='word_1_405' title='bbox 1634 3879 1678 3939; x_wconf 88' lang='grc'>19,</span> 
     </span>
     <span class='ocr_line' id='line_1_36' title="bbox 277 3959 607 4010; baseline 0.003 -2"><span class='ocrx_word' id='word_1_406' title='bbox 277 3959 405 4009; x_wconf 89' lang='lat' dir='ltr'>Kuehner</span> <span class='ocrx_word' id='word_1_407' title='bbox 422 3960 450 4009; x_wconf 89' lang='lat' dir='ltr'>II</span> <span class='ocrx_word' id='word_1_408' title='bbox 469 3962 518 4009; x_wconf 87' lang='grc'>727</span> <span class='ocrx_word' id='word_1_409' title='bbox 536 3960 553 4009; x_wconf 94' lang='lat' dir='ltr'>b</span> <span class='ocrx_word' id='word_1_410' title='bbox 573 3960 607 4010; x_wconf 86' lang='lat' dir='ltr'>al.</span> 
     </span>
    </p>

    <p class='ocr_par' dir='ltr' id='par_1_11' title="bbox 274 4045 1679 4290">
     <span class='ocr_line' id='line_1_37' title="bbox 304 4045 1678 4115; baseline 0.003 -19"><span class='ocrx_word' id='word_1_411' title='bbox 304 4078 307 4085; x_wconf 49' lang='grc' dir='ltr'><strong><em>ι</em></strong></span> <span class='ocrx_word' id='word_1_412' title='bbox 381 4045 401 4110; x_wconf 77' lang='lat'>⁷)</span> <span class='ocrx_word' id='word_1_413' title='bbox 421 4048 566 4098; x_wconf 88' lang='lat' dir='ltr'>notandum</span> <span class='ocrx_word' id='word_1_414' title='bbox 584 4048 692 4098; x_wconf 85' lang='lat' dir='ltr'>videtur</span> <span class='ocrx_word' id='word_1_415' title='bbox 713 4046 747 4115; x_wconf 81' lang='grc' dir='ltr'>ῥεῖ</span> <span class='ocrx_word' id='word_1_416' title='bbox 770 4054 829 4113; x_wconf 92' lang='lat' dir='ltr'>post</span> <span class='ocrx_word' id='word_1_417' title='bbox 852 4049 966 4099; x_wconf 88' lang='lat' dir='ltr'>relativa</span> <span class='ocrx_word' id='word_1_418' title='bbox 989 4050 1041 4099; x_wconf 93' lang='lat' dir='ltr'>nisi</span> <span class='ocrx_word' id='word_1_419' title='bbox 1064 4051 1170 4114; x_wconf 83' lang='lat' dir='ltr'>generis</span> <span class='ocrx_word' id='word_1_420' title='bbox 1188 4052 1308 4099; x_wconf 86' lang='lat' dir='ltr'>neutrius</span> <span class='ocrx_word' id='word_1_421' title='bbox 1332 4066 1385 4098; x_wconf 93' lang='lat' dir='ltr'>non</span> <span class='ocrx_word' id='word_1_422' title='bbox 1407 4052 1543 4115; x_wconf 79' lang='lat' dir='ltr'>usurpari3</span> <span class='ocrx_word' id='word_1_423' title='bbox 1566 4049 1599 4100; x_wconf 89' lang='lat' dir='ltr'>de</span> <span class='ocrx_word' id='word_1_424' title='bbox 1624 4068 1678 4100; x_wconf 88' lang='lat' dir='ltr'>usu</span> 
     </span>
     <span class='ocr_line' id='line_1_38' title="bbox 274 4132 1679 4203; baseline 0.004 -20"><span class='ocrx_word' id='word_1_425' title='bbox 274 4134 389 4184; x_wconf 86' lang='lat' dir='ltr'>voculae</span> <span class='ocrx_word' id='word_1_426' title='bbox 407 4132 440 4203; x_wconf 80' lang='grc' dir='ltr'>ῥοῖ</span> <span class='ocrx_word' id='word_1_427' title='bbox 460 4136 580 4185; x_wconf 87' lang='lat' dir='ltr'>relativis</span> <span class='ocrx_word' id='word_1_428' title='bbox 599 4138 760 4201; x_wconf 89' lang='lat' dir='ltr'>postpositae</span> <span class='ocrx_word' id='word_1_429' title='bbox 779 4137 811 4187; x_wconf 89' lang='lat' dir='ltr'>cf.</span> <span class='ocrx_word' id='word_1_430' title='bbox 825 4137 983 4186; x_wconf 88' lang='lat' dir='ltr'>Baenmlein</span> <span class='ocrx_word' id='word_1_431' title='bbox 1002 4155 1027 4202; x_wconf 92' lang='lat' dir='ltr'>p.</span> <span class='ocrx_word' id='word_1_432' title='bbox 1041 4140 1083 4201; x_wconf 90' lang='grc'>29,</span> <span class='ocrx_word' id='word_1_433' title='bbox 1100 4137 1268 4188; x_wconf 85' lang='lat' dir='ltr'>Schoemann</span> <span class='ocrx_word' id='word_1_434' title='bbox 1286 4134 1347 4187; x_wconf 87' lang='lat' dir='ltr'>‘Die</span> <span class='ocrx_word' id='word_1_435' title='bbox 1360 4137 1447 4186; x_wconf 87' lang='lat' dir='ltr'>Lehre</span> <span class='ocrx_word' id='word_1_436' title='bbox 1460 4153 1513 4186; x_wconf 91' lang='lat' dir='ltr'>von</span> <span class='ocrx_word' id='word_1_437' title='bbox 1526 4137 1578 4187; x_wconf 89' lang='lat' dir='ltr'>den</span> <span class='ocrx_word' id='word_1_438' title='bbox 1590 4138 1679 4189; x_wconf 88' lang='lat' dir='ltr'>Rede-</span> 
     </span>
     <span class='ocr_line' id='line_1_39' title="bbox 274 4219 1553 4290; baseline 0.002 -19"><span class='ocrx_word' id='word_1_439' title='bbox 274 4219 384 4272; x_wconf 86' lang='lat' dir='ltr'>theilen’</span> <span class='ocrx_word' id='word_1_440' title='bbox 403 4240 428 4287; x_wconf 95' lang='lat' dir='ltr'>p.</span> <span class='ocrx_word' id='word_1_441' title='bbox 444 4224 501 4282; x_wconf 83' lang='lat'>193,</span> <span class='ocrx_word' id='word_1_442' title='bbox 520 4224 705 4287; x_wconf 77' lang='lat' dir='ltr'>Naegelsbach</span> <span class='ocrx_word' id='word_1_443' title='bbox 724 4224 757 4273; x_wconf 88' lang='lat' dir='ltr'>ad</span> <span class='ocrx_word' id='word_1_444' title='bbox 768 4224 801 4274; x_wconf 94' lang='lat' dir='ltr'>Il.</span> <span class='ocrx_word' id='word_1_445' title='bbox 815 4228 841 4273; x_wconf 92' lang='lat' dir='ltr'><em>B</em></span> <span class='ocrx_word' id='word_1_446' title='bbox 853 4227 894 4285; x_wconf 89' lang='grc'>21,</span> <span class='ocrx_word' id='word_1_447' title='bbox 913 4225 1006 4274; x_wconf 88' lang='lat' dir='ltr'>Rhode</span> <span class='ocrx_word' id='word_1_448' title='bbox 1024 4242 1067 4290; x_wconf 90' lang='lat' dir='ltr'>pp.</span> <span class='ocrx_word' id='word_1_449' title='bbox 1084 4228 1114 4274; x_wconf 92' lang='grc'>12</span> <span class='ocrx_word' id='word_1_450' title='bbox 1134 4231 1161 4275; x_wconf 91' lang='lat' dir='ltr'>et</span> <span class='ocrx_word' id='word_1_451' title='bbox 1180 4227 1220 4287; x_wconf 89' lang='lat'>18,</span> <span class='ocrx_word' id='word_1_452' title='bbox 1240 4225 1368 4274; x_wconf 88' lang='lat' dir='ltr'>Kuehner</span> <span class='ocrx_word' id='word_1_453' title='bbox 1379 4225 1407 4274; x_wconf 86' lang='lat'>11</span> <span class='ocrx_word' id='word_1_454' title='bbox 1420 4226 1501 4289; x_wconf 70' lang='lat' dir='ltr'>laag</span> <span class='ocrx_word' id='word_1_455' title='bbox 1518 4224 1553 4274; x_wconf 92' lang='lat' dir='ltr'>al.</span> 
     </span>
    </p>

    <p class='ocr_par' dir='ltr' id='par_1_12' title="bbox 275 4309 1681 4465">
     <span class='ocr_line' id='line_1_40' title="bbox 379 4309 1681 4378; baseline 0.004 -19"><span class='ocrx_word' id='word_1_456' title='bbox 379 4309 400 4375; x_wconf 85' lang='lat'>⁸)</span> <span class='ocrx_word' id='word_1_457' title='bbox 419 4310 451 4359; x_wconf 88' lang='lat' dir='ltr'>cf.</span> <span class='ocrx_word' id='word_1_458' title='bbox 473 4313 545 4373; x_wconf 88' lang='grc' dir='ltr'>Γ61,</span> <span class='ocrx_word' id='word_1_459' title='bbox 565 4312 590 4359; x_wconf 87' lang='grc' dir='ltr'><em>Δ</em></span> <span class='ocrx_word' id='word_1_460' title='bbox 602 4312 661 4372; x_wconf 90' lang='grc'>483,</span> <span class='ocrx_word' id='word_1_461' title='bbox 680 4310 698 4361; x_wconf 90' lang='grc' dir='ltr'><strong><em>δ</em></strong></span> <span class='ocrx_word' id='word_1_462' title='bbox 716 4314 774 4374; x_wconf 92' lang='grc'>361,</span> <span class='ocrx_word' id='word_1_463' title='bbox 794 4312 872 4361; x_wconf 81' lang='grc'>1414</span> <span class='ocrx_word' id='word_1_464' title='bbox 890 4312 1015 4377; x_wconf 89' lang='lat' dir='ltr'>locosque</span> <span class='ocrx_word' id='word_1_465' title='bbox 1033 4329 1049 4363; x_wconf 87' lang='lat' dir='ltr'>a</span> <span class='ocrx_word' id='word_1_466' title='bbox 1067 4313 1182 4363; x_wconf 83' lang='lat' dir='ltr'>christio</span> <span class='ocrx_word' id='word_1_467' title='bbox 1200 4330 1226 4378; x_wconf 84' lang='lat' dir='ltr'>p.</span> <span class='ocrx_word' id='word_1_468' title='bbox 1240 4314 1273 4362; x_wconf 85' lang='lat'>58</span> <span class='ocrx_word' id='word_1_469' title='bbox 1286 4329 1323 4377; x_wconf 89' lang='lat' dir='ltr'>sq.</span> <span class='ocrx_word' id='word_1_470' title='bbox 1343 4312 1466 4375; x_wconf 85' lang='lat' dir='ltr'>collatos;</span> <span class='ocrx_word' id='word_1_471' title='bbox 1489 4318 1581 4362; x_wconf 90' lang='lat' dir='ltr'>contra</span> <span class='ocrx_word' id='word_1_472' title='bbox 1599 4314 1630 4369; x_wconf 81' lang='grc' dir='ltr'>ὃς</span> <span class='ocrx_word' id='word_1_473' title='bbox 1648 4315 1681 4364; x_wconf 74' lang='grc' dir='ltr'>τέ</span> 
     </span>
     <span class='ocr_line' id='line_1_41' title="bbox 275 4397 1414 4465; baseline 0.002 -18"><span class='ocrx_word' id='word_1_474' title='bbox 275 4397 309 4465; x_wconf 80' lang='grc' dir='ltr'>ῥα</span> <span class='ocrx_word' id='word_1_475' title='bbox 328 4412 473 4461; x_wconf 89' lang='lat' dir='ltr'>numquam</span> <span class='ocrx_word' id='word_1_476' title='bbox 492 4398 592 4447; x_wconf 89' lang='lat' dir='ltr'>dictum</span> <span class='ocrx_word' id='word_1_477' title='bbox 612 4414 669 4448; x_wconf 89' lang='lat' dir='ltr'>esse</span> <span class='ocrx_word' id='word_1_478' title='bbox 687 4404 802 4463; x_wconf 81' lang='lat' dir='ltr'>constat3</span> <span class='ocrx_word' id='word_1_479' title='bbox 821 4398 853 4447; x_wconf 88' lang='lat' dir='ltr'>cf.</span> <span class='ocrx_word' id='word_1_480' title='bbox 867 4400 1006 4449; x_wconf 89' lang='lat' dir='ltr'>Hermann</span> <span class='ocrx_word' id='word_1_481' title='bbox 1025 4400 1058 4450; x_wconf 89' lang='lat' dir='ltr'>ad</span> <span class='ocrx_word' id='word_1_482' title='bbox 1077 4400 1102 4450; x_wconf 95' lang='lat' dir='ltr'>h.</span> <span class='ocrx_word' id='word_1_483' title='bbox 1121 4401 1199 4449; x_wconf 87' lang='lat' dir='ltr'>Hom.</span> <span class='ocrx_word' id='word_1_484' title='bbox 1213 4402 1241 4449; x_wconf 91' lang='lat' dir='ltr'>in</span> <span class='ocrx_word' id='word_1_485' title='bbox 1253 4399 1340 4465; x_wconf 90' lang='lat' dir='ltr'>Apoll.</span> <span class='ocrx_word' id='word_1_486' title='bbox 1356 4401 1414 4449; x_wconf 90' lang='grc'>390.</span> 
     </span>
    </p>
   </div>
   <div class='ocr_carea' id='block_1_6' title="bbox 378 4482 1678 4554">
    <p class='ocr_par' dir='ltr' id='par_1_13' title="bbox 378 4482 1678 4554">
     <span class='ocr_line' id='line_1_42' title="bbox 378 4482 1678 4554; baseline 0.003 -20"><span class='ocrx_word' id='word_1_487' title='bbox 378 4482 400 4550; x_wconf 73' lang='grc'>9)</span> <span class='ocrx_word' id='word_1_488' title='bbox 419 4484 490 4550; x_wconf 88' lang='lat' dir='ltr'>apud</span> <span class='ocrx_word' id='word_1_489' title='bbox 513 4486 659 4535; x_wconf 88' lang='lat' dir='ltr'>Homerum</span> <span class='ocrx_word' id='word_1_490' title='bbox 685 4484 720 4549; x_wconf 82' lang='grc' dir='ltr'>δή</span> <span class='ocrx_word' id='word_1_491' title='bbox 743 4486 776 4554; x_wconf 78' lang='grc' dir='ltr'>ῥα</span> <span class='ocrx_word' id='word_1_492' title='bbox 804 4503 856 4536; x_wconf 92' lang='lat' dir='ltr'>non</span> <span class='ocrx_word' id='word_1_493' title='bbox 884 4487 984 4548; x_wconf 72' lang='lat' dir='ltr'>legitur</span> <span class='ocrx_word' id='word_1_494' title='bbox 1011 4488 1063 4537; x_wconf 92' lang='lat' dir='ltr'>nisi</span> <span class='ocrx_word' id='word_1_495' title='bbox 1090 4493 1150 4552; x_wconf 92' lang='lat' dir='ltr'>post</span> <span class='ocrx_word' id='word_1_496' title='bbox 1173 4489 1388 4537; x_wconf 89' lang='lat' dir='ltr'>coniunctionem</span> <span class='ocrx_word' id='word_1_497' title='bbox 1416 4486 1588 4552; x_wconf 87' lang='lat' dir='ltr'>temporalem</span> <span class='ocrx_word' id='word_1_498' title='bbox 1617 4488 1678 4551; x_wconf 69' lang='grc' dir='ltr'>ὅτε,</span> 
     </span>
    </p>
   </div>
   <div class='ocr_carea' id='block_1_7' title="bbox 173 4571 1678 4640">
    <p class='ocr_par' dir='ltr' id='par_1_14' title="bbox 173 4571 1678 4640">
     <span class='ocr_line' id='line_1_43' title="bbox 173 4571 1678 4640; baseline 0.007 -26"><span class='ocrx_word' id='word_1_499' title='bbox 173 4609 176 4614; x_wconf 89' lang='grc'>.</span> <span class='ocrx_word' id='word_1_500' title='bbox 275 4572 350 4621; x_wconf 88' lang='lat' dir='ltr'>cf.A</span> <span class='ocrx_word' id='word_1_501' title='bbox 363 4573 422 4633; x_wconf 88' lang='grc'>493,</span> <span class='ocrx_word' id='word_1_502' title='bbox 443 4574 522 4621; x_wconf 91' lang='grc' dir='ltr'>Γ221</span> <span class='ocrx_word' id='word_1_503' title='bbox 546 4571 581 4638; x_wconf 87' lang='lat' dir='ltr'>(v.</span> <span class='ocrx_word' id='word_1_504' title='bbox 595 4573 801 4640; x_wconf 82' lang='lat' dir='ltr'>Naegelsbach),</span> <span class='ocrx_word' id='word_1_505' title='bbox 821 4575 880 4633; x_wconf 88' lang='grc'>264,</span> <span class='ocrx_word' id='word_1_506' title='bbox 903 4575 1021 4634; x_wconf 80' lang='grc' dir='ltr'>860,Κ</span> <span class='ocrx_word' id='word_1_507' title='bbox 1030 4576 1089 4636; x_wconf 88' lang='grc'>351,</span> <span class='ocrx_word' id='word_1_508' title='bbox 1108 4576 1167 4638; x_wconf 86' lang='grc'>357,</span> <span class='ocrx_word' id='word_1_509' title='bbox 1184 4577 1289 4639; x_wconf 92' lang='grc' dir='ltr'>526,Π</span> <span class='ocrx_word' id='word_1_510' title='bbox 1301 4575 1510 4636; x_wconf 82' lang='grc' dir='ltr'>386,Ρ732,Ω</span> <span class='ocrx_word' id='word_1_511' title='bbox 1526 4576 1569 4636; x_wconf 89' lang='grc'>31,</span> <span class='ocrx_word' id='word_1_512' title='bbox 1588 4573 1606 4624; x_wconf 89' lang='grc' dir='ltr'><strong><em>δ</em></strong></span> <span class='ocrx_word' id='word_1_513' title='bbox 1623 4576 1678 4624; x_wconf 88' lang='grc'>460</span> 
     </span>
    </p>
   </div>
   <div class='ocr_carea' id='block_1_8' title="bbox 274 4660 1678 4815">
    <p class='ocr_par' dir='ltr' id='par_1_15' title="bbox 274 4660 1678 4815">
     <span class='ocr_line' id='line_1_44' title="bbox 276 4660 1678 4729; baseline 0.002 -21"><span class='ocrx_word' id='word_1_514' title='bbox 276 4664 303 4709; x_wconf 90' lang='lat' dir='ltr'>et</span> <span class='ocrx_word' id='word_1_515' title='bbox 320 4660 442 4724; x_wconf 84' lang='lat' dir='ltr'>Krueger</span> <span class='ocrx_word' id='word_1_516' title='bbox 459 4660 502 4709; x_wconf 89' lang='lat' dir='ltr'>Di.</span> <span class='ocrx_word' id='word_1_517' title='bbox 517 4662 584 4722; x_wconf 61' lang='lat'>569,</span> <span class='ocrx_word' id='word_1_518' title='bbox 598 4663 622 4719; x_wconf 86' lang='lat'>9,</span> <span class='ocrx_word' id='word_1_519' title='bbox 636 4662 660 4719; x_wconf 89' lang='grc'>5,</span> <span class='ocrx_word' id='word_1_520' title='bbox 683 4662 813 4711; x_wconf 86' lang='lat' dir='ltr'>Kuehner</span> <span class='ocrx_word' id='word_1_521' title='bbox 830 4661 857 4709; x_wconf 93' lang='lat' dir='ltr'>II</span> <span class='ocrx_word' id='word_1_522' title='bbox 882 4662 932 4709; x_wconf 92' lang='grc'>727</span> <span class='ocrx_word' id='word_1_523' title='bbox 950 4661 974 4723; x_wconf 85' lang='grc'>(1,</span> <span class='ocrx_word' id='word_1_524' title='bbox 997 4662 1089 4711; x_wconf 89' lang='lat' dir='ltr'>Rhode</span> <span class='ocrx_word' id='word_1_525' title='bbox 1109 4680 1133 4727; x_wconf 93' lang='lat' dir='ltr'>p.</span> <span class='ocrx_word' id='word_1_526' title='bbox 1147 4664 1192 4727; x_wconf 75' lang='lat'>253</span> <span class='ocrx_word' id='word_1_527' title='bbox 1212 4667 1304 4713; x_wconf 87' lang='lat' dir='ltr'>contra</span> <span class='ocrx_word' id='word_1_528' title='bbox 1322 4668 1381 4729; x_wconf 89' lang='lat' dir='ltr'>post</span> <span class='ocrx_word' id='word_1_529' title='bbox 1398 4662 1542 4714; x_wconf 76' lang='lat' dir='ltr'>relativum</span> <span class='ocrx_word' id='word_1_530' title='bbox 1565 4660 1617 4729; x_wconf 81' lang='grc' dir='ltr'>δρα</span> <span class='ocrx_word' id='word_1_531' title='bbox 1641 4661 1678 4728; x_wconf 88' lang='grc' dir='ltr'>δή</span> 
     </span>
     <span class='ocr_line' id='line_1_45' title="bbox 274 4746 1086 4815; baseline 0.002 -19"><span class='ocrx_word' id='word_1_532' title='bbox 274 4747 411 4796; x_wconf 88' lang='lat' dir='ltr'>invenitur</span> <span class='ocrx_word' id='word_1_533' title='bbox 433 4747 516 4797; x_wconf 80' lang='grc'>0177</span> <span class='ocrx_word' id='word_1_534' title='bbox 536 4747 564 4796; x_wconf 78' lang='grc' dir='ltr'>οἳ</span> <span class='ocrx_word' id='word_1_535' title='bbox 581 4747 633 4814; x_wconf 70' lang='grc' dir='ltr'>ἄρα</span> <span class='ocrx_word' id='word_1_536' title='bbox 652 4746 686 4812; x_wconf 83' lang='grc' dir='ltr'>δὴ</span> <span class='ocrx_word' id='word_1_537' title='bbox 705 4747 770 4798; x_wconf 80' lang='grc' dir='ltr'><strong><em>τάδε</em></strong></span> <span class='ocrx_word' id='word_1_538' title='bbox 790 4750 879 4815; x_wconf 77' lang='grc' dir='ltr'><strong><em>τείχεα</em></strong></span> <span class='ocrx_word' id='word_1_539' title='bbox 897 4748 1086 4813; x_wconf 58' lang='grc' dir='ltr'><strong><em>μηχανόωντο.</em></strong></span> 
     </span>
    </p>
   </div>
   <div class='ocr_carea' id='block_1_9' title="bbox 0 0 1776 5059">
    <p class='ocr_par' dir='ltr' id='par_1_16' title="bbox 0 0 1776 5059">
     <span class='ocr_line' id='line_1_46' title="bbox 0 0 1776 5059; baseline 0 0"><span class='ocrx_word' id='word_1_540' title='bbox 0 0 1776 5059; x_wconf 95' lang='lat' dir='ltr'> </span> 
     </span>
    </p>
   </div>
  </div>
 </body>
</html>
