3542 5059
239 205 301 268 134

235 396 287 462 III
309 396 339 481 3,
355 395 412 481 59;
435 397 552 463 HecI
576 399 603 482 1,
620 398 655 482 63
678 398 808 466 Phorm.
823 402 857 466 11
881 402 911 486 3,
928 401 995 489 81).
1033 426 1134 490 quare
1158 405 1367 492 etymologias
1390 429 1529 494 quoque,
1554 432 1636 496 quae

235 509 360 570 tantum
390 502 477 588 apud
507 502 666 569 Isidorum
697 513 728 570 et
757 508 790 570 in
821 506 949 572 scholiis
978 508 1169 596 leguntur‚¹)
1200 510 1289 576 illum
1316 535 1359 576 ex
1387 512 1436 577 his
1463 518 1636 600 sumpsisse

234 608 441 674 manifestum
467 617 524 687 est,
552 609 666 674 veluti:
700 610 825 675 facetus
853 613 909 698 qui
935 613 1013 678 facit
1041 613 1150 678 verbis
1173 615 1260 700 quod
1283 616 1352 681 vult
1374 618 1457 682 Eun.
1473 619 1527 684 III
1551 625 1579 703 1,
1595 620 1634 685 31

234 712 311 776 Isid.
328 713 361 777 X
386 712 438 793 95,
465 713 538 778 licia
566 717 658 799 quasi
684 713 760 800 ligia
783 715 886 780 Andr.
903 718 935 781 V
956 716 1024 797 4,8
1047 717 1125 783 Isid.
1140 719 1278 786 XVIIII
1301 721 1353 804 29,
1371 723 1400 804 7,
1424 723 1597 789 macellum
1618 749 1637 790 a

234 817 406 883 mactando
429 818 513 883 Eun.
534 819 568 883 II
595 818 625 901 2,
649 818 692 882 26
718 819 795 886 Isid.
816 821 882 885 XV
906 820 936 906 2,
956 822 1010 906 44,
1037 826 1204 908 provincia
1232 849 1252 889 a
1279 827 1390 911 procul
1418 836 1450 892 et
1476 827 1636 893 vincendo

234 921 402 987 Phorml
429 923 459 1004 2,
490 922 532 985 22
560 923 637 988 Isid.
658 924 762 989 XIIII
792 925 896 1008 5,19.
951 926 1091 1013 denique
1121 928 1243 995 scholia
1272 933 1306 995 in
1337 931 1449 997 codice
1478 933 1637 999 Bembino

235 1029 415 1113 ceterisque
445 1027 536 1092 libris
566 1029 742 1093 maximam
773 1039 897 1115 partem
928 1053 971 1094 ex
1002 1032 1195 1098 scholiorum
1217 1035 1474 1102 Donatianorum
1504 1060 1638 1124 corpore

235 1131 367 1196 fluxisse
394 1141 449 1196 aut
477 1154 515 1196 eo
543 1132 629 1218 quod
657 1133 775 1198 diserte
798 1137 831 1198 in
854 1135 915 1200 illis
937 1135 981 1200 ad
1004 1137 1170 1204 Donatum
1192 1162 1385 1206 revocamur
1394 1140 1421 1228 ²)
1443 1151 1500 1208 aut
1523 1165 1561 1207 eo
1584 1145 1638 1230 qui

235 1239 318 1301 intcr
340 1247 476 1324 utraque
499 1238 669 1303 intercedit
691 1249 850 1305 concentu
872 1242 1120 1330 confirmatur.³)

336 1344 390 1408 Ex
412 1343 461 1406 his
488 1345 585 1430 igitur
607 1366 690 1430 quae
713 1344 807 1410 modo
835 1345 1071 1432 disputavimus
1099 1349 1238 1415 efficitur
1259 1351 1426 1416 Donatum
1451 1353 1486 1416 in
1507 1351 1638 1418 adnota-

232 1450 371 1515 tionibus
396 1450 625 1535 componendis
641 1460 788 1516 veterum
810 1453 1022 1538 interpretum
1043 1457 1288 1519 commentarios
1311 1457 1344 1519 in
1366 1478 1435 1520 rem
1451 1479 1543 1522 suam
1566 1479 1638 1522 con-

232 1557 367 1620 vertisse
393 1557 447 1639 ita,
474 1565 509 1619 ut
536 1577 619 1640 quae
647 1578 689 1620 ex
717 1558 763 1620 eis
791 1560 1008 1642 excerpsisset
1034 1557 1224 1644 plerumque
1252 1560 1394 1625 fontibus
1421 1560 1539 1646 quibus
1561 1584 1639 1628 usus

232 1669 281 1724 est
310 1683 374 1724 non
404 1661 591 1745 significatis
622 1662 788 1745 proferret.
834 1661 886 1725 hic
917 1661 981 1726 illic
1012 1685 1090 1727 sane
1121 1663 1379 1729 adnotationibus
1413 1667 1479 1730 suis
1508 1669 1639 1732 nomina

233 1787 343 1829 eorum
366 1765 409 1828 ad
432 1786 512 1850 quos
534 1765 672 1830 redeunt
699 1765 817 1830 adiecit
840 1755 896 1829 aut
923 1767 1079 1832 eiusmodi
1101 1768 1211 1833 verbis
1234 1769 1340 1854 qualia
1363 1779 1438 1835 sunt
1459 1761 1534 1834 ‘alii'
1561 1763 1639 1856 ‘qui-

233 1866 319 1933 dam'
338 1869 390 1934 vel
411 1869 525 1934 similia
545 1869 698 1955 adpositis
719 1869 874 1935 indicavit
895 1892 930 1935 se
951 1870 1033 1935 baec
1056 1894 1099 1936 ex
1119 1871 1253 1937 aliorum
1275 1872 1366 1938 libris
1388 1873 1638 1961 deprompsisse,

232 1976 421 2060 praesertim
449 1996 522 2038 curn
549 1974 583 2039 id
609 1985 729 2059 ageret,
757 1983 793 2039 ut
819 1997 931 2040 eorum
958 1978 1133 2041 sententias
1162 1979 1376 2063 impugnaret.
1421 2002 1461 2045 ac
1490 1981 1639 2064 primitus

231 2103 338 2166 neque
360 2089 515 2144 tractatus
536 2079 577 2143 de
599 2079 766 2144 comoedia
787 2091 818 2145 et
838 2079 1007 2166 tragoedia
1026 2103 1100 2146 oum
1119 2081 1312 2147 scholiorum
1332 2106 1467 2170 corpore
1488 2086 1639 2150 coniunc-

231 2194 281 2249 tus
305 2193 375 2248 erat
401 2184 443 2250 ab
466 2185 627 2250 Euanthio
651 2184 884 2272 conscriptus⁴)
913 2208 1020 2272 neque
1048 2186 1170 2252 scholia
1196 2186 1357 2253 rhetorica
1385 2191 1418 2253 in
1446 2211 1485 2253 eo
1511 2190 1640 2255 inerant

230 2300 342 2375 postea
366 2289 496 2354 demum
518 2313 560 2354 ex
582 2289 761 2374 Eugraphii
784 2292 1020 2355 commentariis
1042 2291 1139 2357 illata.
1184 2294 1249 2357 iam
1271 2302 1416 2379 tempore
1439 2293 1638 2380 procedente

231 2395 351 2459 scholia
372 2394 426 2458 illa
446 2397 535 2459 vario
559 2394 654 2459 modo
677 2403 850 2460 retractata
873 2404 949 2460 sunt
970 2399 1086 2481 partim
1109 2397 1177 2462 aliis
1199 2408 1295 2462 aucta
1319 2401 1436 2484 partim
1458 2398 1638 2466 decurtata.

232 2523 331 2586 quare
355 2499 482 2565 scholiis
506 2499 647 2565 confusis
670 2509 767 2586 atque
790 2500 902 2565 ordine
926 2523 1037 2566 eorum
1059 2502 1187 2566 turbato
1209 2504 1237 2567 is
1260 2505 1315 2590 qui
1338 2503 1482 2570 codicem
1501 2506 1638 2570 Parisia-

334 2709 355 2777 1)
375 2711 561 2777 etymologiae,
585 2727 654 2776 quae
676 2712 710 2762 ab
733 2710 794 2762 aliis
812 2727 919 2777 quoque
936 2712 1115 2778 proferuntur,
1139 2718 1166 2763 et
1182 2713 1284 2765 Isidoro
1307 2720 1334 2765 et
1356 2714 1464 2766 scholiis
1482 2731 1638 2767 communes

230 2798 263 2850 ad
282 2800 349 2850 haec
360 2799 443 2850 verba
462 2801 609 2864 pertinent:
628 2799 705 2862 cella,
724 2799 821 2865 fatuus,
840 2800 950 2861 fructus,
968 2800 1062 2862 futilis,
1080 2801 1172 2862 limen,
1191 2803 1362 2869 mancipium,
1381 2803 1513 2864 meridies,
1532 2819 1638 2869 procus,

230 2903 327 2953 pugna,
346 2892 419 2938 secta
437 2887 498 2938 alia.

334 2971 356 3040 ²)
376 2975 445 3039 quod
470 2977 498 3024 in
524 2975 616 3024 codice
634 2976 766 3025 Bembina
788 2992 842 3025 nno
867 2979 972 3026 tantum
996 2975 1055 3027 loco
1074 2975 1119 3042 (ad
1136 2977 1207 3027 Eun.
1220 2978 1247 3027 II
1265 2979 1291 3038 3,
1303 2976 1349 3043 43)
1367 2976 1397 3027 fit
1415 2993 1500 3043 eoque
1518 2993 1535 3028 a
1552 2993 1636 3028 manu

228 3062 314 3112 altera
332 3063 442 3127 scripto;
461 3062 622 3111 scholiorum
641 3064 817 3112 recentiorum
836 3062 907 3113 locos
927 3070 1066 3114 enumerat
1083 3065 1113 3112 F.
1127 3064 1223 3115 Schlee
1241 3082 1266 3130 p.
1280 3067 1314 3114 6⁷
1326 3081 1383 3130 sqq.

334 3147 356 3212 1)
376 3150 409 3199 cf.
424 3149 610 3215 Umpfenbach
632 3151 749 3200 Hermae
772 3150 824 3200 vol.
841 3151 868 3200 II
886 3152 938 3200 340
950 3167 997 3215 sq.‚
1021 3150 1186 3202 Studemund
1208 3152 1277 3202 Ann.
1294 3152 1360 3218 phil.
1376 3151 1556 3202 Lxxxxvn
1574 3152 1636 3215 562,

228 3235 324 3287 Schlee
342 3253 367 3301 p.
380 3238 413 3286 41
426 3252 463 3302 sq.
483 3253 544 3287 cum
568 3238 596 3288 in
619 3238 710 3288 codice
728 3239 859 3288 Bembino
882 3238 984 3287 scholia
1006 3239 1040 3288 ad
1064 3239 1388 3290 Heautontimorumenon
1412 3239 1475 3288 inde
1499 3239 1533 3289 ab
1555 3240 1637 3289 initio

228 3339 312 3388 usque
330 3323 362 3372 ad
381 3324 424 3374 III
438 3326 462 3385 2,
475 3327 508 3375 39
527 3324 660 3391 adscripta
678 3327 740 3389 sint,
759 3326 870 3376 forsitan
890 3327 1007 3375 conicIat
1024 3327 1084 3390 quis
1102 3327 1166 3376 olim
1179 3328 1384 3377 commentarios
1395 3327 1495 3377 Donati
1513 3326 1547 3377 ad
1564 3325 1637 3376 hanc

227 3410 347 3461 fabulam
370 3413 488 3462 extitisse
512 3416 539 3461 et
557 3428 590 3462 ex
608 3429 639 3462 eo
657 3413 758 3463 scholia
776 3415 805 3463 in
822 3414 954 3463 Bembino
977 3414 1097 3478 profecta
1119 3429 1184 3464 esse.
1221 3415 1267 3464 sed
1285 3415 1351 3464 haec
1370 3416 1513 3465 maximam
1531 3419 1636 3480 partem

228 3515 261 3548 ex
278 3500 378 3549 Donati
401 3499 434 3549 ad
459 3506 559 3549 ceteras
582 3500 687 3550 fabulas
706 3501 923 3551 adnotationibus
946 3502 1103 3566 compilatas
1126 3517 1183 3552 esse
1202 3500 1383 3552 demonstrant
1400 3502 1588 3566 Umpfenbach
1609 3507 1636 3554 61

228 3585 405 3650 Studemund3
433 3587 465 3636 cf.
485 3588 664 3652 Gerstenberg
686 3605 711 3652 p.
726 3590 775 3637 109
788 3604 827 3652 sq.
846 3594 952 3653 praeter
976 3588 1048 3638 locos
1071 3589 1105 3638 ab
1129 3591 1168 3638 eis
1191 3588 1294 3639 adlatos
1312 3589 1405 3639 videas
1428 3604 1526 3654 quaeso
1549 3590 1633 3639 schol.

227 3674 468 3733 Η66111.1112,20
487 3689 519 3723 ex
538 3673 619 3723 schol.
632 3674 740 3723 Andr.I
761 3677 829 3736 1,79
848 3675 999 3738 confictum,
1024 3677 1071 3741 qui
1089 3691 1182 3725 versus
1204 3677 1232 3725 in
1251 3676 1381 3726 Bembino
1399 3675 1524 3740 adfertur,
1548 3677 1633 3726 schol.

227 3760 351 3811 Heaut.I
373 3761 440 3820 1,’12
461 3765 487 3809 61
504 3759 552 3809 Ad.
566 3760 619 3809 IIII
638 3765 662 3821 5,
676 3763 718 3822 38,
737 3761 818 3812 schol.
831 3763 956 3812 Heautl
974 3765 998 3827 2,
1011 3765 1045 3813 36
1064 3767 1091 3813 61
1108 3762 1245 3813 Ει111.1111
1264 3764 1343 3823 7,10,
1361 3765 1459 3827 quibus
1477 3762 1543 3814 locis
1560 3764 1633 3814 idem

226 3848 340 3912 Vergilii
353 3863 444 3897 versus
457 3848 554 3897 adiecti
566 3853 637 3908 sunt,
650 3848 731 3898 schol.
745 3850 844 3899 Heaut.
858 3851 884 3899 11
897 3851 922 3910 3,
935 3852 967 3899 21
982 3857 1009 3900 61
1021 3850 1069 3900 Ad.
1083 3851 1110 3899 11
1129 3852 1152 3914 2,
1167 3852 1208 3900 43.
1224 3865 1296 3914 quae
1309 3856 1449 3916 praeterea
1460 3852 1488 3901 in
1502 3852 1632 3902 Bembino

226 3936 354 4002 leguntur
380 3934 482 3985 scholia
509 3949 542 3984 ea
568 3934 669 3985 nullius
697 3938 804 3985 omnino
832 3939 912 4001 pretii
935 3943 1004 3987 sunt.
1041 3937 1135 4002 quodsi
1159 3938 1338 4002 Gsrstenberg
1360 3955 1385 4002 p.
1400 3939 1448 3987 111
1462 3953 1501 4002 sq.
1525 3943 1633 4004 propter

226 4025 309 4074 verba
328 4023 430 4072 Graeca
448 4023 476 4071 in
495 4022 604 4072 scholiis
622 4023 656 4072 ad
669 4022 766 4073 Heaut.
779 4024 806 4073 Il
824 4026 848 4084 3,
862 4025 904 4074 44.
918 4025 963 4088 533
983 4027 1008 4085 4,
1021 4027 1050 4088 ⁴13
1069 4025 1110 4074 111
1130 4027 1154 4086 1,
1167 4026 1210 4087 32,
1228 4025 1326 4088 quibus
1345 4024 1437 4074 fabula
1449 4024 1552 4075 Graeca
1570 4041 1631 4075 cum

226 4109 324 4160 Latina
342 4114 518 4174 comparatur,
538 4125 625 4174 noque
644 4115 752 4160 auctore
765 4125 852 4174 neque
865 4111 958 4161 fabula
971 4112 1095 4162 indicatis
1107 4111 1197 4161 adlata
1216 4111 1351 4160 concludit
1369 4111 1431 4161 olim
1443 4112 1544 4162 Donati
1562 4128 1632 4161 com·

227 4198 370 4247 mentatios
389 4196 423 4245 ad
441 4197 511 4246 hane
528 4197 648 4247 fabulam
668 4199 793 4259 extitisse,
812 4198 841 4247 id
859 4214 1027 4262 nequaquam
1047 4197 1246 4248 concedendum
1265 4204 1314 4260 est,
1332 4215 1391 4248 cum
1410 4214 1503 4249 versus
1520 4199 1632 4249 Menan·

226 4283 266 4334 dri
285 4285 323 4335 eis
341 4285 472 4333 contineri
490 4283 566 4334 nullo
584 4291 661 4350 pacto
680 4285 847 4349 comprobari
866 4287 955 4350 possit.

329 4371 350 4436 ⁴)
369 4373 496 4423 Rufinum
521 4373 650 4423 Euanthii
673 4378 854 4424 commentum
877 4374 995 4424 nondum
1021 4389 1081 4423 cum
1104 4374 1266 4424 scholiorum
1284 4375 1497 4426 Donatianorum
1520 4389 1630 4438 corpore

226 4461 398 4511 coniunctum
420 4467 482 4511 ante
505 4461 595 4511 oculos
618 4461 744 4511 habuisse
767 4477 800 4510 ex
823 4462 862 4512 eis
880 4476 951 4526 quae
972 4460 1005 4511 G.
1017 4461 1048 4511 L.
1062 4461 1101 4511 VI
1123 4462 1182 4521 554,
1195 4464 1211 4510 4
1224 4478 1280 4527 sqq.
1316 4462 1443 4528 leguntur
1465 4467 1629 4527 compertum

226 4547 364 4597 habemus.
401 4563 488 4613 neque
508 4563 570 4598 vero
590 4565 653 4598 num
666 4549 754 4609 Probi,
773 4549 851 4614 Aspri
869 4549 1087 4614 reliquorumque
1099 4554 1219 4599 veterum
1239 4551 1414 4615 interpretum
1427 4549 1629 4600 commentarios

226 4635 331 4685 noverit
349 4634 517 4700 exploratum
535 4640 675 4700 estusque
694 4637 801 4687 omniuo
814 4654 866 4703 quo
884 4641 1004 4702 tempore
1022 4636 1070 4687 ille
1082 4637 1179 4686 vixerit
1197 4644 1300 4688 constat
1317 4639 1369 4688 nisi
1388 4638 1459 4703 quod
1476 4637 1628 4689 interiorem

224 4726 313 4772 aetate
332 4738 393 4774 eum
412 4723 494 4773 fuisse
512 4724 619 4774 Donato
638 4727 665 4774 et
681 4722 828 4785 Euanthio,
848 4740 914 4790 quos
932 4725 1062 4788 nominat,
1080 4724 1251 4776 manifestum
1269 4730 1317 4776 est.
