3542 5059
1551 155 1590 217 77

193 349 277 430 rivis,
302 346 345 411 ad
368 368 451 431 quae
474 345 635 410 adiectiva
658 342 820 408 accedunt
841 346 925 406 inter
946 343 1000 406 illa
1024 352 1056 407 et
1077 342 1246 407 articulum
1262 344 1404 432 posita,¹)
1428 345 1524 410 Ther.
1541 346 1594 431 52,

193 452 271 535 225,
296 450 374 535 239,
398 450 476 533 272,
501 450 579 532 650,
604 448 682 529 872,
707 448 759 513 ΑΙ.
776 447 850 511 491.
882 447 1008 512 accedit
1030 446 1082 513 ΑΙ.
1100 447 1162 511 249
1185 451 1223 513 τὸ
1245 447 1392 537 Μηδείης
1413 448 1596 537 Κολχηίδος

191 558 371 639 ἐχθόμενον
404 566 468 637 πῦρ
488 557 492 639 Ι
511 553 641 641 atiud)
679 553 734 617 ubi
768 556 852 616 inter
881 552 1052 617 articulum
1082 563 1114 617 et
1143 552 1379 619 substantivum
1409 554 1473 618 duo
1503 556 1595 620 vides

192 662 396 725 intercedere
424 659 596 743 adtributa,
627 658 667 723 cf.
688 660 715 723 0
738 658 777 721 37
804 666 873 723 ete
899 656 969 721 185.
1014 655 1061 742 ΙΙ)
1085 679 1160 721 cum
1186 657 1353 722 adiectivis
1376 659 1472 723 Ther.
1490 658 1595 748 6401)

193 760 223 832 d'
245 764 375 854 ἑτέρηβ)
399 765 472 847 661,
498 763 561 827 786
583 766 641 829 τὸν
661 758 691 828 d'
714 760 830 847 ἕτερον,
855 761 907 827 ΑΙ.
925 761 988 825 320
1009 765 1048 826 τὸ
1071 757 1101 827 d'
1124 761 1285 848 ddpdovfi)
1316 762 1380 849 ΠΙ)
1404 785 1478 828 cum
1501 766 1594 849 parti·

170 912 173 917 -
193 872 274 956 cipio
284 869 309 955 5)
333 870 385 934 Al.
402 868 466 933 245
489 868 578 934 οἵτε
600 861 679 953 παρ’
701 870 870 954 Εὐφρήναο
894 868 968 951 ῥόον
989 864 1161 945 πολὲοναες
1183 868 1327 953 ἀρούρας.
1351 867 1433 953 IIII)
1450 890 1524 932 cum
1539 868 1594 932 ad-

191 974 311 1038 verbiis
334 974 431 1038 Ther.
456 971 519 1036 366
542 975 579 1037 τὸ
602 970 718 1058 πρίνβ)
742 970 793 1036 ΑΙ.
812 970 853 1034 86
876 973 914 1035 τὸ
937 969 1079 1057 troposi)
1125 970 1272 1035 videmus
1300 974 1406 1057 igitur,
1443 972 1530 1058 quod
1552 973 1594 1036 ad

192 1077 350 1165 articuli⁸)
373 1101 469 1142 usum
491 1076 623 1160 adtinet,
647 1075 848 1141 Nicandrum
871 1076 1005 1140 Homeri
1027 1076 1203 1140 rationibus
1226 1099 1321 1140 usum
1343 1100 1422 1142 esse.

193 1234 314 1303 φραδίης
336 1233 484 1298 ἀπόνηντο,
507 1235 555 1283 nbi
578 1220 718 1283 Bentleius
741 1234 872 1299 scriptura
895 1233 1057 1283 deteriorum
1081 1232 1184 1297 aliquot
1206 1234 1327 1283 codicum
1349 1240 1396 1298 τῆς
1418 1232 1450 1285 δέ
1476 1239 1597 1300 respecta

191 1320 269 1387 τῆςδε
288 1324 411 1382 coniecit,
437 1337 607 1386 quamquam,
630 1321 700 1386 quod
723 1321 786 1371 libri
804 1322 898 1387 optimi
915 1321 1002 1371 ΗΘΜ
1020 1321 1136 1384 tradunt,
1159 1324 1205 1385 τῆς
1223 1336 1255 1387 ys
1278 1327 1340 1388 apte
1363 1322 1492 1387 explicari
1510 1328 1598 1387 potest

192 1412 238 1469 ita,
261 1414 291 1458 ut
313 1410 341 1458 iu
360 1409 458 1458 vocula
480 1415 526 1473 τῆς
544 1410 599 1458 vim
622 1414 648 1458 et
671 1408 906 1458 demonstrativam
930 1414 958 1458 et
980 1410 1156 1474 possessivum
1180 1410 1268 1459 inesse
1286 1425 1429 1459 sumamus.
1464 1410 1511 1459 sed
1529 1409 1596 1459 diffi-

192 1498 277 1547 cultas
300 1497 431 1561 quaedam
454 1498 483 1545 in
505 1495 694 1564 κακοφραδίης
717 1512 774 1545 osse
797 1496 911 1546 videtur.
948 1510 1011 1546 nam
1033 1498 1055 1545 si
1079 1511 1148 1559 cum*
1161 1496 1269 1546 scholiis
1292 1495 1457 1562 (ἐβλάβησαν
1478 1497 1598 1562 ὑπὸτῆς

195 1583 336 1647 ἀβουλίας’
355 1582 529 1651 κακοφραδία
548 1586 602 1651 ’γὰρ
620 1581 776 1649 ηᾶβονλία)
795 1582 865 1633 hanc
882 1582 1006 1633 voculam
1025 1584 1159 1645 ἀβουλίαν
1177 1582 1222 1649 (cf.
1239 1584 1330 1645 Quint.
1347 1584 1451 1648 Smyru.
1465 1584 1518 1633 XII
1535 1581 1596 1648 554)

191 1674 405 1737 interpretamur,
423 1673 556 1721 sententia
569 1686 661 1737 parum
675 1676 739 1735 apta
752 1670 874 1720 efficitur.
905 1670 970 1735 quid
982 1671 1054 1721 enim
1072 1685 1171 1735 quaeso
1183 1670 1257 1721 valet
1274 1671 1341 1720 illud
1359 1666 1417 1721 ‘nec
1430 1677 1519 1720 tamen
1532 1671 1597 1720 stul·

192 1760 268 1809 titiae
281 1774 345 1809 suae
357 1758 472 1808 fructum
486 1759 571 1808 ullum
584 1754 719 1821 tulerunt',
738 1758 809 1822 quod
826 1758 847 1809 1.
861 1759 893 1809 G.
906 1758 1053 1808 Schneider
1071 1759 1195 1823 scripsit?
1219 1760 1295 1823 quasi
1313 1774 1438 1823 umquam
1458 1760 1597 1823 quisquam

191 1846 322 1896 stultitiae
345 1847 460 1896 fructum
485 1847 646 1911 perceperit!
674 1847 715 1895 sin
733 1844 921 1912 κακοφραδίης
944 1846 1041 1895 collato
1065 1846 1123 1895 loco
1141 1846 1167 1895 h.
1185 1821 1264 1895 Hdm.
1282 1846 1340 1896 Cer.
1358 1848 1408 1896 227
1427 1846 1498 1895 idem
1517 1849 1597 1909 atque

191 1935 338 1989 κακονοίας
360 1948 418 1983 esse
441 1935 578 1995 sumimus,
601 1938 630 1983 ut
652 1933 686 1983 ad
704 1934 787 1983 verba
810 1933 895 1997 πυρὸς
917 1930 1034 2000 ληίοτορ’
1052 1929 1165 1983 ἔναττον
1188 1933 1355 1982 referendum
1377 1934 1419 1994 sit,
1437 1939 1516 1998 aptus
1533 1947 1598 1983 sane

194 2018 310 2071 efficitur
328 2036 434 2071 sensus:
454 2016 638 2086 ‘improbitatis
651 2020 755 2070 nullum
775 2026 953 2087 perceperunt
970 2017 1107 2085 fructum’3
1126 2021 1172 2070 sed
1189 2022 1212 2070 si
1231 2021 1443 2086 reputaverimus
1460 2019 1530 2085 apud
1543 2021 1596 2069 Ho-

193 2122 295 2157 merum
309 2106 351 2173 (Λ
364 2109 422 2172 763,
436 2108 462 2157 Ρ
472 2108 514 2169 25,
528 2108 555 2157 Ω
568 2109 627 2169 556,
640 2124 660 2156 ω
674 2106 719 2173 30)
738 2114 764 2157 et
782 2108 854 2173 apud
872 2108 1024 2173 posterioris
1041 2109 1138 2157 aetatis
1156 2114 1256 2172 poetas,
1274 2108 1359 2158 veluti
1371 2108 1459 2173 Apoll.
1472 2108 1557 2159 Rhod.
1571 2109 1598 2157 ΙΙ

194 2196 242 2243 196
255 2194 444 2245 ἀπονίνασθαι
462 2197 513 2245 nisi
527 2211 586 2246 cum
599 2197 730 2245 virtutum
744 2195 995 2261 praeclararumque
1008 2210 1096 2244 rerum
1109 2195 1262 2246 notionibus
1276 2212 1328 2245 nou
1341 2197 1475 2261 coniungi,
1488 2195 1597 2246 fortasse

192 2287 327 2347 praestare
346 2282 481 2331 videbitur
492 2282 548 2332 leni
561 2284 708 2333 mutatione
721 2283 837 2333 scribere
849 2285 896 2347 τῆς
909 2298 940 2348 γε
952 2280 1154 2348 κακοφραδίαις
1172 2280 1312 2346 ἄπόνηννο
1330 2284 1347 2331 i.
1362 2297 1384 2332 e.
1403 2288 1451 2347 τῆς
1462 2283 1598 2347 νεότητος,

191 2374 223 2417 ut
239 2367 440 2435 κακοφραδίαις
459 2368 487 2436 (ἰ,
504 2368 691 2435 ο.6βον1ίαις)
714 2370 820 2420 dativus
839 2385 936 2420 causae
954 2371 995 2420 sit.
1031 2369 1106 2419 vides
1125 2370 1178 2418 iam
1197 2371 1334 2435 aptissime
1352 2372 1501 2436 comparari
1519 2386 1596 2435 posse

192 2456 280 2505 locum
293 2457 464 2507 Homericum
479 2459 543 2506 Ρ24
554 2473 591 2522 sq.
605 2456 670 2507 οὐδὲ
683 2456 736 2523 μὲν
750 2456 815 2508 οὐδὲ
828 2460 873 2521 βίη
888 2453 1070 2525 Ὑπερήνορος
1082 2456 1255 2523 ἱπποδάμοιο
1271 2457 1276 2523 Ι
1292 2448 1321 2520 ἧς
1335 2458 1399 2521 ἥβης
1412 2454 1540 2522 ἀπόνηθ’.
1565 2458 1597 2507 de

192 2542 305 2607 syllabis
317 2560 348 2608 ης
365 2550 393 2593 et
410 2560 452 2600 αις
465 2544 582 2595 confusis
595 2562 619 2594 v.
634 2544 664 2594 O.
681 2544 871 2595 Schneiderum
889 2545 922 2593 ad
936 2545 1013 2594 Ther.
1028 2546 1080 2594 865
1093 2551 1120 2594 et
1131 2546 1159 2593 in
1173 2545 1289 2610 prolegg.
1303 2562 1329 2610 p.
1344 2547 1402 2595 106.
1432 2549 1549 2595 ceterum
1563 2547 1596 2594 si-

192 2630 256 2680 mile
266 2631 329 2694 quid
339 2632 392 2680 iam
404 2631 535 2681 Gerraeus
545 2634 658 2682 sensisse
667 2632 781 2693 videtur,
791 2632 915 2696 quihunc
923 2630 1010 2681 locum
1022 2632 1060 2681 ita
1068 2632 1161 2681 vertit:
1172 2627 1290 2681 ‘munere
1300 2631 1440 2697 magnifico
1449 2633 1543 2683 viridis
1553 2633 1597 2682 do-

193 2733 269 2767 nasse
279 2719 405 2768 iuventae
417 2715 420 2785 Ι
433 2719 557 2769 mortales
567 2719 675 2785 (dicitur
684 2717 821 2785 Juppiter)
835 2759 840 2769 .
852 2758 858 2771 .
870 2758 874 2769 .
889 2716 893 2786 )
907 2734 957 2768 nec
966 2724 1056 2769 tamen
1066 2718 1116 2768 hoc
1126 2734 1242 2783 unquam
1253 2718 1363 2769 stolidos
1374 2720 1491 2784 potuisse
1500 2717 1596 2785 potiri‘

296 2803 316 2869 1)
336 2806 369 2855 cf.
388 2806 511 2871 Krueger
529 2808 572 2856 Di.
592 2809 607 2869 6
627 2807 669 2868 50,
688 2808 714 2868 8,
733 2809 757 2855 4.

296 2890 318 2957 ⁹)
337 2908 389 2956 quo
403 2893 461 2944 loco
473 2896 548 2943 κεῖνο
560 2910 621 2943 cum
634 2894 747 2943 articulo
760 2896 932 2943 coniunctum
945 2894 1040 2956 habes3
1054 2893 1087 2943 cs.
1097 2896 1115 2955 β
1125 2894 1183 2942 951.
1197 2894 1300 2944 accedit
1312 2894 1382 2957 quod
1391 2894 1443 2943 hoc
1452 2894 1510 2944 loco
1522 2897 1596 2944 κεῖνο

192 2994 278 3045 paene
290 2980 424 3045 superflue
436 2981 556 3030 additum
569 2981 675 3031 videtur
688 2980 732 3048 (cf.
743 2981 764 3030 Ι.
775 2981 806 3031 G.
817 2981 963 3031 Schneider
972 2982 1051 3030 Ther.
1061 2997 1115 3031 cur.
1129 2986 1195 3046 post.
1206 2998 1231 3045 p.
1242 2979 1313 3047 255),
1323 2981 1393 3046 quod
1402 2981 1472 3031 idem
1483 2982 1556 3032 valet
1565 2982 1598 3031 de

191 3067 258 3117 locis
276 3066 355 3117 Ther.
369 3069 428 3129 619,
446 3068 486 3119 Al.
503 3070 560 3129 105,
580 3070 630 3118 299
650 3069 695 3135 (cf.
709 3070 791 3119 Marc.
805 3068 858 3119 Sid.
873 3069 926 3133 94).
962 3068 1030 3118 adde
1052 3068 1124 3119 locos
1143 3068 1255 3131 111116,
1272 3070 1318 3118 187
1338 3073 1365 3119 et
1381 3068 1423 3120 Al.
1436 3071 1479 3131 82,
1501 3070 1598 3133 quibus

191 3156 280 3211 κεῖνος
305 3170 366 3204 cum
393 3157 561 3206 substantivo
589 3157 759 3206 coniunctum
786 3156 820 3205 ad
847 3157 984 3221 superiora
1011 3156 1179 3206 referendum
1207 3161 1253 3205 est.
1290 3156 1324 3205 ad
1346 3158 1486 3220 sequeutia
1508 3162 1597 3207 autem

192 3246 295 3307 spectat
312 3242 353 3291 Al.
367 3244 426 3303 235,
441 3244 490 3292 525
510 3243 569 3308 (ubi
586 3246 661 3293 κεῖνο
679 3244 713 3294 ad
732 3244 873 3293 enuntiata
892 3244 1007 3293 relativa
1024 3239 1160 3308 pertinet),
1183 3244 1261 3293 Ther.
1276 3244 1325 3291 186
1348 3244 1412 3311 τέρα
1431 3247 1515 3295 κεῖνα.
1550 3260 1598 3309 per

192 3345 221 3380 se
233 3335 323 3379 autem
336 3331 451 3395 positum
469 3332 559 3387 κεῖνος
576 3331 610 3380 ad
622 3331 811 3396 praecedentia
829 3332 966 3396 pertinens
984 3332 1122 3380 invenitur
1135 3330 1213 3380 Ther.
1229 3331 1274 3379 151
1297 3329 1360 3396 (quo
1373 3331 1431 3380 loco
1443 3331 1500 3381 solo
1512 3332 1597 3382 forma

193 3415 295 3472 ἐκεῖνος
314 3422 395 3481 extat,
413 3418 523 3482 reliquis
541 3420 630 3475 κεῖνος
648 3416 765 3484 legitur),
785 3420 844 3481 399,
863 3420 915 3468 826
934 3418 1035 3485 (addito
1054 3416 1107 3484 γέ),
1126 3418 1172 3482 qui
1190 3434 1253 3467 usus
1271 3417 1305 3467 ab
1323 3418 1365 3467 Al.
1384 3420 1467 3469 abest.

296 3501 319 3569 ³)
338 3504 370 3554 cs.
391 3506 574 3570 Krueger-Di.
594 3508 609 3568 6
629 3508 670 3567 50,
690 3510 715 3567 5,
734 3507 757 3555 8.

295 3588 317 3656 ⁴)
336 3593 367 3641 τὸ
387 3588 412 3640 d’
432 3591 538 3661 ἀθρόον
562 3592 633 3642 hand
655 3593 735 3643 aliter
757 3599 837 3657 atque
859 3592 894 3643 τὰ
913 3591 944 3642 δὲ
964 3632 1009 3644 ..,
1029 3595 1120 3643 πάντα
1145 3592 1234 3658 (Ther.
1250 3591 1311 3657 109)
1329 3594 1442 3659 accipio,
1460 3597 1491 3642 ut
1508 3599 1597 3643 nostro

193 3673 247 3727 ‘das
260 3675 360 3728 Ganze'
379 3679 546 3744 respondeat,
568 3696 729 3745 quamquam
748 3681 864 3731 concedo
883 3680 990 3748 ἀθρόον
1008 3680 1189 3746 praedicative
1207 3695 1313 3745 quoque
1332 3681 1462 3746 explicari
1480 3696 1563 3745 posse.

295 3763 318 3831 ὅ)
337 3766 370 3815 cf.
390 3767 511 3833 Krueger
530 3769 571 3817 Di.
593 3770 662 3831 650,
682 3768 707 3829 5,
728 3772 749 3817 1.

295 3852 317 3918 ⁶)
336 3853 369 3903 cs.
390 3855 511 3920 Krueger
530 3856 573 3906 Di.
592 3858 607 3918 6
628 3857 669 3917 50,
689 3856 713 3919 5,
734 3857 773 3905 11.
792 3855 842 3905 hoc
861 3855 918 3905 loco
937 3855 1071 3905 Nicander
1090 3871 1179 3921 presse
1198 3871 1303 3905 versum
1321 3856 1493 3905 Homericum
1513 3872 1531 3923 y
1547 3858 1598 3905 265

193 3940 313 3989 imitatus
332 3946 379 3991 est.

297 4025 369 4093 1)ο1’,
388 4029 511 4094 Krueger
528 4030 571 4080 Di.
590 4031 660 4092 650,
679 4032 704 4093 5,
726 4033 764 4079 11.

295 4114 368 4180 ⁸)de
390 4115 456 4166 locis
474 4117 553 4166 Ther.
573 4118 613 4178 17,
632 4119 690 4180 775,
710 4117 751 4167 ΑΙ.
768 4118 828 4177 578,
852 4119 950 4182 quibus
968 4133 1066 4167 nomen
1084 4118 1154 4182 quod
1173 4124 1232 4182 post
1250 4118 1265 4167 d
1285 4133 1316 4183 γε
1335 4118 1434 4183 legitur
1452 4117 1599 4182 adpositive

193 4200 291 4252 dictum
310 4208 407 4264 statuo,
426 4219 495 4268 quae
513 4220 554 4253 ros
573 4219 679 4268 quoquo
697 4204 730 4254 de
749 4204 813 4255 locis
827 4206 906 4254 Ther.
921 4206 971 4253 549
985 4209 1012 4254 et
1026 4206 1074 4255 716
1094 4205 1210 4255 valet-
1224 4220 1285 4255 nam
1304 4207 1445 4269 quominus
1463 4205 1517 4254 illis
1533 4205 1599 4254 locis

192 4289 334 4339 articulum
353 4294 510 4352 statuamus,
528 4292 661 4356 particula
679 4292 714 4357 γέ
730 4294 882 4356 pronomini
901 4295 915 4342 6
934 4292 1025 4341 addita
1042 4293 1210 4357 impedimur,
1229 4309 1309 4357 quam
1328 4292 1462 4343 Nicander
1480 4309 1540 4341 cum
1559 4308 1599 4343 ar-

191 4377 274 4426 ticulo
292 4393 346 4426 uon
359 4379 528 4429 coniunxisse
541 4379 647 4427 videtur
666 4378 749 4444 (locos
762 4380 834 4428 enirn
848 4380 927 4429 Ther.
940 4381 991 4429 348
1009 4385 1036 4429 et
1048 4380 1088 4428 ΑΙ.
1103 4382 1152 4429 599
1166 4380 1245 4430 aliter
1258 4381 1431 4445 explicandos
1448 4396 1506 4430 esse
1524 4379 1599 4446 puto)

194 4492 225 4499 —
244 4468 271 4513 et
289 4463 322 4512 de
340 4463 407 4513 locis
419 4464 498 4515 Ther.
512 4466 553 4527 95,
567 4467 627 4526 249,
641 4467 700 4526 266,
714 4468 774 4527 280,
786 4469 845 4527 421,
865 4466 906 4515 ΑΙ.
920 4468 962 4529 28,
975 4468 1017 4526 82,
1030 4469 1090 4530 317,
1103 4468 1163 4527 379,
1175 4469 1235 4528 482,
1254 4469 1351 4531 quibus
1369 4469 1479 4518 nomina
1497 4468 1600 4533 praedi-

191 4552 280 4601 cative
298 4551 457 4616 accipienda
475 4557 537 4602 suut
555 4552 599 4619 (cf.
612 4554 736 4619 Krueger
749 4554 792 4603 Di.
807 4556 822 4617 6
836 4554 878 4617 50,
892 4556 917 4614 2,
932 4556 972 4617 12,
989 4553 1040 4618 13),
1058 4554 1120 4604 vide
1139 4569 1208 4618 quae
1227 4571 1251 4620 p.
1266 4558 1299 4604 74
1317 4556 1378 4605 adn.
1392 4559 1408 4605 3
1427 4562 1454 4605 et
1473 4559 1488 4604 5
1502 4553 1600 4620 (extr),

192 4658 217 4707 p.
231 4640 264 4689 75
283 4639 343 4688 adn.
360 4641 371 4687 1
387 4645 415 4689 et
427 4640 452 4701 3,
470 4656 495 4705 p.
510 4641 542 4690 76
562 4640 622 4691 adn.
638 4646 649 4689 1
671 4642 848 4707 exposuimus.
