3542 5059
1553 156 1594 220 61

197 347 269 408 vice
284 345 422 429 positum
438 345 665 428 interpretatus
674 342 699 430 ¹)
722 342 753 406 εἰ
768 341 805 409 δέ
826 340 1019 428 particulam
1041 342 1310 430 adhortativam²)
1333 366 1457 409 sumam
1481 345 1596 411 collato

197 471 294 513 versu
316 448 473 512 simillimo
496 448 592 513 Ther.
610 446 674 511 885
696 448 727 513 εἰ
747 445 792 526 δέ,
815 448 855 511 σύ
875 442 904 531 γ’
919 447 956 511 ἐκ
970 444 1067 536 ττοίης
1081 447 1257 535 ἀβληχρέος
1270 443 1386 531 ἔγχλοα
1401 447 1491 533 ῥίζαν
1510 450 1515 535 l
1535 500 1543 516 .
1561 500 1594 518 ..

196 552 340 642 τμήξαις,
364 555 416 617 cui
439 552 559 617 addam
579 553 675 617 Ther.
693 550 735 615 80
757 550 790 617 εἴ
808 574 843 636 γε
864 549 932 635 μέν,
955 552 989 631 ἐς
1011 562 1121 633 τεῦχος
1143 555 1314 641 κεραμήιον
1335 554 1371 640 'll
1393 553 1448 620 καί
1469 553 1593 641 ὄλπην)

195 656 343 743 κεδρίδας
365 658 554 741 ἑνθρύπτων
576 657 708 735 λισάοις
729 659 840 745 εὐήρεα
863 662 944 740 γυῖα.

300 762 417 826 Paucis
440 762 609 826 absolvere
632 762 708 825 licet
731 763 897 825 enuntiata
919 760 1162 843 condicionalia,
1185 763 1217 825 in
1241 762 1357 847 quibus
1379 764 1410 828 el
1428 785 1501 827 cum
1516 763 1595 827 indi·

197 869 300 931 cativo
325 876 542 931 constructum
565 867 696 951 legitur:
735 866 831 931 Ther.
852 864 901 948 10,
925 865 977 949 57,
1000 864 1074 949 458,
1099 865 1304 953 Al.1sqq.³)
1346 867 1387 932 de
1409 868 1487 933 locis
1509 871 1595 933 enim

195 970 292 1035 Ther.
310 970 386 1058 574)
410 980 442 1035 et
463 970 527 1035 458
551 971 629 1035 nihil
651 969 872 1035 adnotandum
895 980 952 1053 est,
976 972 1037 1033 nisi
1060 971 1147 1055 quod
1162 972 1194 1034 in
1217 974 1332 1056 priore,
1356 994 1418 1058 quo
1440 995 1596 1058 praesens

195 1078 228 1139 in
257 1079 378 1161 protasi
408 1085 470 1160 est,
502 1079 534 1140 in
565 1075 698 1161 apodosi
725 1077 935 1161 imperativus
964 1077 1122 1160 sequitur,
1149 1078 1182 1139 in
1205 1076 1320 1159 altero,
1347 1078 1438 1141 ouius
1460 1081 1595 1163 protasis

195 1179 336 1266 futur05)
359 1180 524 1264 formatur,
557 1181 652 1269 δήεις,
684 1179 771 1266 quod
793 1180 892 1244 futuri
915 1181 986 1243 vioe
1009 1180 1162 1264 fungitur,
1194 1180 1347 1246 succedit.
1392 1182 1462 1247 loco
1488 1194 1601 1248 autem·

195 1284 247 1348 Al.
263 1284 401 1372 lsqq.,⁶)
424 1308 486 1371 quo
507 1288 649 1371 optativo
664 1284 779 1350 vocula
798 1282 852 1349 κέν
871 1284 982 1350 addita
1001 1284 1149 1370 apodosis
1170 1285 1319 1370 efficitur,
1342 1288 1504 1351 notionem
1523 1310 1595 1352 con-

196 1392 355 1454 cessivam
384 1392 490 1454 inesse
513 1388 670 1455 videmus,
717 1389 766 1453 his
788 1391 885 1474 igitur
907 1389 985 1453 loeis
1008 1392 1145 1475 protasis
1167 1390 1348 1476 praecedit,
1377 1391 1526 1477 apodosis
1550 1416 1595 1459 se·

196 1496 312 1579 quitur,
329 1494 423 1580 quod
447 1504 559 1559 contra
581 1495 618 1558 fit
640 1494 709 1558 loco
733 1493 830 1559 Ther.
850 1493 891 1557 10
906 1516 975 1579 sqq.

301 1598 458 1662 Videmus
489 1600 586 1686 igitur
613 1621 655 1663 ex
684 1600 855 1662 enuntiatis
879 1598 1152 1662 condicionalibus
1175 1600 1361 1684 saepissime
1384 1598 1528 1687 (Xffln)
1552 1604 1596 1668 in-

195 1704 298 1766 veniri
322 1726 370 1786 ea,
393 1704 426 1768 in
448 1704 565 1789 quibus
588 1704 626 1791 ἢν
648 1702 700 1767 vel
723 1704 753 1768 εἰ
774 1702 947 1789 (particula
968 1701 1022 1768 κέν
1043 1702 1096 1766 vel
1112 1704 1150 1767 ύίν
1165 1726 1230 1767 non
1245 1702 1370 1791 addita)
1389 1705 1432 1769 ad
1448 1710 1596 1773 coniunc-

195 1809 297 1872 tivum
319 1807 459 1891 accedit3
487 1829 730 1893 nonnumquam
758 1806 901 1894 (quater)
927 1808 958 1872 εί
985 1830 1058 1872 oum
1081 1808 1254 1872 indicativo
1278 1810 1473 1895 copulatum,
1497 1812 1597 1877 semel

195 1921 320 1975 tantum
343 1914 376 1976 in
399 1912 496 1977 Ther.
513 1913 544 1977 εί
570 1935 644 1976 oum
671 1914 811 1998 optativo
840 1914 1045 1977 coniunctum
1067 1911 1192 1998 legitur.
1218 1916 1382 1978 enuntiata
1404 1916 1531 1981 irrealia
1553 1918 1596 1982 ab

196 2016 245 2080 his
269 2016 465 2081 carminibus
488 2016 583 2103 plane
606 2017 734 2082 absunt.
758 2040 864 2103 neque
887 2016 966 2081 illud
988 2016 1262 2103 praetereundum
1281 2028 1330 2083 est
1351 2022 1496 2105 exceptis
1518 2022 1596 2085 locis

195 2120 291 2185 Ther.
319 2121 372 2205 10,
396 2121 475 2205 445,
505 2121 567 2186 779
597 2124 751 2207 protasim
781 2121 902 2207 ubique
932 2120 1138 2207 praeoedere.
1183 2132 1284 2187 restat
1314 2134 1350 2187 ut
1372 2146 1427 2188 eos
1449 2125 1595 2191 adferam

194 2225 292 2309 locos,
316 2226 433 2312 quibus
453 2236 526 2312 post
546 2228 803 2292 coniunctionem
825 2228 856 2292 εἰ
870 2226 1008 2291 verbum
1028 2227 1153 2291 finitum
1177 2227 1281 2291 deest:
1304 2228 1401 2292 Ther.
1419 2228 1482 2294 309
1505 2229 1550 2316 (el
1566 2226 1596 2297 δ’

195 2325 324 2415 ἔτυμον,
360 2329 523 2417 Τροίηθεν
556 2325 671 2411 ίούσ”’)
705 2329 888 2418 ἐχαλέφατο
922 2332 1036 2417 φύλοις
1062 2331 1066 2416 Ι
1093 2330 1267 2418 Λίνελένη)
1306 2341 1338 2397 et
1371 2331 1445 2417 826,
1480 2334 1596 2419 quibus

195 2435 271 2499 locis
302 2436 541 2500 similitudinem
572 2435 736 2522 quandam
767 2459 840 2500 oum
870 2436 1018 2500 versibus
1048 2436 1145 2502 Ther.
1169 2436 1209 2500 10
1231 2459 1300 2523 sqq.
1336 2460 1406 2502 esse
1435 2441 1597 2504 neminem

194 2539 317 2627 fugit.⁸)
332 2540 493 2605 accedunt
509 2540 580 2625 loci,
604 2542 719 2627 quibus
734 2542 765 2606 εἰ
780 2536 809 2607 δ’
825 2541 879 2625 ύῖγε
894 2540 1024 2627 legitur:
1049 2541 1145 2608 Ther.
1164 2541 1225 2605 747
1246 2542 1276 2607 εί
1292 2536 1322 2607 δ’
1334 2543 1390 2626 dyo
1405 2546 1597 2633 μυρμήκειον

194 2642 327 2731 (ubi-0.
353 2645 532 2711 Schneider
555 2645 636 2711 haec
659 2647 804 2711 adnotat:
839 2638 1054 2731 ‘subintellige
1077 2647 1260 2734 πιφαύσκεο
1270 2645 1296 2732 9)
1320 2670 1338 2711 e
1360 2671 1392 2713 v.
1410 2648 1482 2729 725,
1508 2650 1547 2713 cf.
1564 2674 1595 2715 v.

196 2749 257 2811 797
280 2746 317 2813 et¹
334 2745 433 2836 815³),
458 2750 520 2814 769
544 2752 573 2816 εἰ
597 2747 626 2819 d'
649 2752 705 2835 ύλγε
727 2749 782 2817 καί
803 2749 922 2837 κέντρῳ
949 2749 1208 2835 κεκορυθμένον.
1225 2802 1232 2815 .
1251 2802 1258 2815 .
1275 2750 1432 2837 σκορπίον
1458 2754 1595 2843 αύύήσω,

196 2854 259 2917 848
281 2856 313 2920 εί
332 2851 361 2921 δ’
380 2857 436 2940 dyo
458 2854 514 2921 καί
534 2863 749 2941 σμυρνεῖον..
768 2860 915 2939 ,τάμοις
939 2878 1002 2941 quo
1029 2856 1099 2920 loco
1122 2858 1284 2942 optativus
1306 2878 1404 2922 sensu
1425 2858 1468 2922 ab
1499 2861 1596 2946 impe·

196 3032 403 3039 *—

301 3150 321 3217 ¹)
340 3168 409 3218 quae
427 3154 560 3204 sententia
578 3152 738 3205 scholiastae
757 3169 862 3219 quoque
880 3155 969 3205 verbis
988 3152 1033 3219 (ad
1052 3169 1077 3204 v.
1094 3153 1156 3219 689)
1180 3155 1346 3220 comprobari
1365 3154 1483 3206 videtur:
1513 3156 1597 3224 γαλῆς

195 3240 277 3291 τέκνα
296 3239 410 3305 hadria
427 3242 477 3305 τὴν
494 3242 599 3309 μητέρα
618 3240 753 3309 ἄγρεύσας
771 3245 878 3293 κτεῖνον
896 3241 943 3291 καὶ
961 3239 991 3291 ἐν
1004 3242 1071 3309 πυρὶ
1089 3242 1137 3298 τὰς
1153 3244 1248 3308 τρίχας
1265 3240 1347 3306 αύτῆς
1365 3244 1468 3293 καῦσον
1487 3283 1532 3294 ...
1551 3245 1598 3294 καλ

197 3328 292 3384 ἁλίσας
310 3327 429 3395 ξήρανον
447 3325 476 3379 ἔν
490 3331 559 3393 σκιᾷ.

300 3412 321 3480 ²)
341 3415 373 3464 cf.
389 3417 468 3465 1262
487 3418 512 3465 εἰ
524 3414 563 3478 δέ,
582 3417 616 3465 σύ
633 3416 687 3482 μέν
699 3432 754 3482 μευ
768 3417 896 3478 ἄκουσον,
918 3420 936 3465 Ι
945 3418 978 3468 46
997 3419 1022 3466 εἰ
1034 3414 1073 3477 δέ,
1091 3416 1137 3465 καί
1151 3414 1229 3466 αὐτοὶ
1244 3415 1249 3482 Ι
1265 3416 1429 3484 φευγόντων
1446 3419 1499 3467 σύν
1517 3419 1597 3481 νηυσί

196 3502 281 3568 φίλην
294 3500 321 3559 ἔς
333 3501 452 3569 πατρίδα
465 3505 563 3569 γαῖαν,·
581 3506 688 3569 saepius
700 3519 762 3554 vero
776 3520 807 3554 eo
820 3518 900 3554 sensu
912 3503 983 3568 apud
996 3504 1142 3553 Homerum
1155 3506 1181 3553 εἰ
1192 3500 1219 3552 δ’
1231 3504 1282 3570 ἄγε
1300 3506 1424 3564 occurrit,
1442 3504 1513 3568 quod
1525 3506 1597 3571 apud

198 3590 360 3639 Nicandrum
378 3605 484 3654 quoque
501 3592 645 3641 invenitur.

300 3674 323 3742 ³)
342 3677 419 3727 Ther.
435 3679 467 3725 10
486 3682 513 3728 et
524 3677 565 3727 Al.
580 3681 592 3727 1
608 3694 663 3743 sqq.
682 3677 714 3728 de
733 3693 761 3728 re
779 3678 863 3727 semel
881 3677 960 3739 facta,
978 3676 1057 3727 Ther.
1071 3677 1103 3725 67
1122 3682 1150 3726 et
1167 3677 1218 3726 468
1236 3677 1270 3727 de
1287 3690 1316 3726 re
1335 3677 1431 3727 iterata
1449 3679 1545 3743 agitur.

300 3762 322 3829 ⁴)
342 3782 394 3830 quo
412 3766 471 3817 loco
488 3766 611 3831 apodosis
629 3765 731 3817 voculis
749 3768 835 3830 τῆμος
852 3762 887 3829 δή
905 3764 1052 3814 incohatur.

301 3850 323 3917 5)
342 3854 394 3903 nisi
412 3854 479 3905 sorte
497 3856 557 3919 quis
575 3854 633 3903 loco
651 3852 787 3903 simillimo
800 3853 879 3901 Ther.
893 3853 926 3901 98
944 3851 1074 3901 adductus
1091 3851 1142 3901 hoc
1160 3866 1265 3915 quoque
1283 3850 1343 3901 loeo
1359 3850 1455 3915 βήσεαι
1473 3854 1597 3903 coniunc-

197 3940 282 3989 tivnm
300 3955 415 4005 eumque
432 3942 509 3993 brevi
521 3942 607 3991 vocali
625 3942 782 3989 instructum
801 3942 923 4005 accipere
936 3939 1038 3989 mavult
1057 3938 1101 4005 (cf.
1113 3939 1193 3989 Ther.
1208 3935 1268 4004 114)
1286 3938 1387 3989 talibus
1398 3940 1474 3990 verbi
1490 3942 1598 4003 βαίνειν

197 4029 289 4077 aoristi
307 4027 405 4090 formis,
423 4029 517 4094 quales
535 4033 628 4078 extant
646 4032 669 4077 Γ
682 4029 741 4087 262,
760 4028 819 4088 312,
838 4025 936 4087 Ξ229,
954 4042 973 4093 γ
989 4027 1049 4088 481,
1067 4044 1084 4091 η
1103 4026 1160 4086 136,
1179 4042 1196 4077 ν
1209 4027 1251 4087 75,
1268 4026 1294 4076 h.
1312 4026 1391 4080 Hom.
1408 4027 1437 4075 in
1455 4026 1543 4091 Apoll.
1555 4029 1598 4088 49,

199 4117 258 4177 141,
276 4115 388 4177 collatis.

301 4201 323 4268 ⁶)
342 4203 376 4253 ad
388 4219 413 4253 v.
427 4203 497 4254 Ala
515 4203 550 4253 cf.
564 4202 678 4254 similem
696 4201 784 4251 locum
803 4202 975 4251 Homericum
994 4205 1023 4251 K
1034 4202 1081 4250 161
1103 4199 1195 4267 ὀλίγος
1212 4196 1239 4248 δ’
1256 4197 1297 4250 ἔτι
1310 4201 1402 4269 χῶρος
1419 4198 1516 4267 ἐρύκει.

302 4288 323 4355 l)
342 4290 450 4342 Beneke
462 4307 488 4356 p.
501 4292 534 4339 38
553 4292 633 4340 ἰούσα
646 4288 792 4356 χαλέψατο
810 4290 955 4353 proposuit,
973 4287 1043 4352 quod
1059 4293 1167 4353 propter
1183 4303 1293 4352 pravam
1312 4302 1449 4338 caesuram
1466 4287 1598 4354 displicet.

301 4375 324 4442 ⁸)
342 4378 376 4427 cf.
396 4376 479 4434 Ξ12ύ
501 4381 534 4429 τὰ
559 4376 588 4427 δὲ
611 4372 718 4444 μέλλετ1
737 4374 881 4443 ύκούεμεν,
905 4378 930 4425 εί
947 4373 1024 4425 ἐτεόν
1041 4390 1100 4441 κερ,
1123 4376 1209 4425 Taua
1226 4374 1275 4438 al.;
1293 4380 1432 4439 praeterea
1449 4375 1511 4426 vide
1528 4390 1599 4439 quae

197 4464 229 4515 L.
242 4464 335 4532 Lange
352 4462 417 4516 ‘Der
433 4464 598 4516 homerische
617 4464 759 4516 Gebrauch
778 4464 824 4514 der
842 4462 962 4513 Partikel
981 4459 1017 4513 τῖ’
1036 4480 1061 4527 p.
1076 4463 1125 4512 221
1139 4478 1195 4527 sqq.
1214 4467 1242 4512 et
1259 4463 1309 4512 227
1322 4478 1377 4527 sqq.
1396 4462 1550 4529 disputavit.

302 4550 324 4617 ο)
343 4549 521 4619 imperativus]
538 4553 676 4602 invenitur
697 4555 726 4601 Α
743 4553 803 4612 302,
825 4555 851 4602 Ζ
861 4552 921 4611 376,
942 4551 964 4601 Θ
980 4550 1018 4610 18,
1036 4554 1068 4600 Π
1081 4550 1141 4610 667,
1163 4550 1257 4610 Τ108,
1278 4553 1308 4599 Ψ
1318 4551 1378 4611 681,
1400 4566 1418 4599 α
1431 4552 1491 4610 271,
1508 4550 1597 4613 8178,

199 4636 290 4701 osea,
307 4657 330 4707 μ
346 4641 403 4700 112,
415 4642 509 4705 1³9¹,
528 4643 604 4706 pas.
