3542 5059
225 210 266 275 14

327 403 424 466 Nunc
457 402 498 466 de
532 404 570 466 iis
604 402 698 465 nobis
729 401 903 466 dicendum
935 411 984 466 est
1016 401 1105 483 locis,
1140 399 1256 485 quibus
1288 397 1343 465 καί
1373 399 1521 464 adverbii
1553 399 1625 462 loco

224 516 413 592 usurpatum
441 506 599 571 videmus.
638 509 693 592 qui
726 528 803 571 usus
837 506 924 592 apud
959 505 1161 570 Nicandrum
1192 527 1240 587 eo,
1273 504 1314 568 de
1345 527 1407 590 quo
1437 503 1533 568 modo
1564 503 1628 567 dis-

224 613 407 698 putavimus
442 624 485 657 -'-
519 613 572 697 qui
606 612 738 675 LXXII
767 611 875 695 Ther,
910 611 1009 675 XXV
1040 609 1092 675 ΑΙ.
1126 609 1203 673 16616
1235 610 1429 693 conspicitur
1458 646 1499 654 -—
1530 607 1627 693 paulo

224 718 421 802 frequentior
451 726 509 799 est,
542 718 587 781 116
621 727 656 780 61
687 715 797 780 CVIII
825 716 934 799 Ther,
965 715 1094 779 LXXV
1124 713 1177 779 Α1.
1207 714 1284 778 16616
1313 711 1369 779 καί
1397 712 1629 777 adverbialiter

225 822 362 906 positum
388 822 580 885 inveniatur.
618 842 657 885 ac
685 822 824 905 primum
850 820 919 884 illos
950 818 1146 884 enumerabo
1180 818 1276 900 locos„
1308 818 1424 903 quibus
1450 816 1506 882 καί
1539 815 1628 881 nude

226 928 362 1011 positum
398 963 436 971 -
471 925 540 988 aliis
574 925 738 1009 particulis
772 947 835 989 non
869 924 987 989 additis
1018 963 1060 970 —
1091 923 1222 1007 legitur,
1265 922 1456 986 substantivi
1489 921 1628 1007 plerum-

226 1052 288 1115 que
319 1028 478 1114 urguendi
510 1052 617 1113 causa,
655 1031 699 1093 ita
733 1039 768 1094 61
807 1029 968 1115 plerisque
1002 1029 1079 1093 locis
1113 1028 1200 1093 idem
1234 1027 1321 1113 quod
1355 1037 1497 1092 nostrum
1520 1019 1628 1109 ‘auch,

225 1134 344 1218 ferner,
377 1130 539 1198 tiberdies'
570 1134 685 1198 valeat.
721 1157 803 1220 quae
830 1137 915 1198 notio
944 1136 1118 1219 conspicua
1152 1143 1199 1196 661
1231 1132 1310 1195 16616
1339 1132 1437 1196 Ther.
1472 1131 1539 1195 his:
1565 1130 1627 1213 ,86,

229 1239 300 1321 111,
325 1237 395 1322 119,
419 1237 519 1325 120,1)
544 1238 618 1322 258,
638 1237 711 1321 384,
735 1238 809 1321 535,
830 1238 904 1319 540,
927 1238 1001 1322 575,
1026 1237 1129 1322 6123)
1153 1236 1226 1321 685,
1249 1237 1321 1320 730,
1342 1236 1415 1320 758,
1433 1235 1507 1320 769,
1524 1234 1628 1319 811,³)

227 1342 300 1426 848,
318 1341 391 1427 856,
409 1342 482 1426 866,
499 1342 573 1426 868,
590 1342 664 1424 879,
685 1343 759 1426 914,
781 1343 854 1427 930,
875 1342 950 1426 934,
971 1342 1044 1407 957.
1089 1342 1175 1407 adde
1202 1366 1256 1406 vv.
1276 1342 1341 1406 453
1358 1352 1390 1406 61
1410 1340 1483 1424 768,
1511 1340 1628 1426 quibus

226 1448 383 1532 particula
395 1450 461 1511 vim
477 1448 640 1512 fortiorem
656 1450 754 1512 nostri
769 1440 885 1533 ‘sogar‘
901 1447 1008 1513 habet.
1028 1470 1070 1511 ex
1086 1448 1164 1511 locis
1179 1458 1286 1511 autem
1300 1449 1469 1531 congestis,
1493 1468 1628 1531 quorum

226 1574 378 1615 numerus
395 1553 512 1617 XXVI
524 1562 581 1632 est,
599 1552 661 1617 duo
675 1552 804 1617 dicendi
816 1576 937 1637 genera
951 1554 1048 1616 eximi
1060 1561 1201 1638 possunt,
1217 1554 1381 1636 unum,cui
1392 1549 1628 1615 adnumerandi

228 1666 302 1721 sunt
316 1656 377 1721 loci
394 1656 445 1740 86,
462 1657 536 1741 535,
550 1657 623 1741 866,
636 1657 710 1742 930,
727 1658 844 1743 quibus
861 1656 1025 1721 adverbiis
1041 1658 1190 1738 πολλάκι,
1207 1657 1330 1738 άλλοτε,
1347 1657 1468 1743 δήποτε
1482 1658 1515 1719 16
1531 1678 1629 1718 versu

227 1764 329 1847 primo
348 1764 457 1846 positis
480 1760 535 1828 661
556 1761 695 1845 additur,
715 1762 861 1845 alterum,
887 1764 977 1826 66166
1002 1761 1248 1844 66611661384,
1269 1760 1342 1845 685,
1365 1760 1438 1838 769,
1459 1759 1532 1839 848,
1554 1759 1628 1842 856,

229 1865 302 1949 879,
327 1866 444 1951 quibus
461 1859 642 1952 imperativi
658 1867 711 1931 vel
728 1866 845 1932 similes
862 1867 954 1930 verbi
972 1868 1093 1931 formae
1111 1866 1221 1953 (άγρει,
1239 1866 1334 1953 δήεις,
1350 1867 1379 1930 ελ
1394 1860 1424 1931 d'
1439 1866 1505 1948 άγε,
1521 1863 1628 1949 λάζεο)

228 1971 384 2057 particula
400 1969 454 2037 καλ
469 1971 580 2036 addita
595 1994 724 2036 versum
741 1971 917 2035 ordiuntur.
941 1994 1046 2056 neque
1065 1971 1224 2035 dissimilis
1240 1972 1420 2034 661666616
1432 1968 1496 2053 ΑΙ.,
1512 1992 1554 2033 ex
1566 1991 1629 2053 quo

230 2078 371 2139 carmine
383 2076 484 2138 XIIII
500 2075 613 2161 collegi
626 2076 784 2161 exempla,
802 2075 853 2160 94,
869 2076 941 2159 173,
957 2075 1028 2159 188,
1045 2075 1119 2159 261,
1137 2075 1210 2158 267,
1226 2075 1299 2158 300,
1316 2075 1390 2159 301,
1407 2074 1510 2160 3264)
1526 2072 1629 2158 3891)

229 2178 303 2262 488,
324 2179 397 2263 529,
420 2179 493 2262 551,
515 2179 589 2262 580,
611 2178 714 2266 6296)
759 2182 792 2243 16
824 2180 940 2265 quibus
967 2183 1043 2244 item
1074 2179 1137 2243 duo
1165 2202 1287 2265 genera
1314 2178 1528 2243 discernenda
1559 2200 1629 2241 esse

229 2284 391 2367 videntur,
423 2307 531 2367 unum,
563 2284 649 2370 quod
679 2284 756 2348 locis
787 2284 861 2368 261,
882 2285 957 2369 301,
977 2284 1041 2349 529
1076 2285 1225 2368 efficitur,
1260 2284 1376 2370 quibus
1406 2284 1545 2349 πολλάκι
1575 2280 1631 2347 καί

231 2397 330 2471 extat,
365 2389 511 2471 alterum,
540 2389 626 2473 quod
657 2412 710 2453 eos
739 2389 983 2474 comprehendit
1011 2389 1107 2472 16666,
1136 2389 1252 2474 quibus
1279 2386 1334 2454 καί
1356 2412 1436 2454 ποτε
1446 2387 1471 2475 ἵ)
1503 2388 1629 2473 legitur,

232 2492 306 2577 300,
329 2492 403 2577 488,
429 2494 503 2577 551,
527 2494 605 2577 580,
640 2493 725 2557 adde
756 2493 817 2557 267
848 2493 928 2573 ἴσως
959 2492 1022 2559 καί.
1068 2517 1174 2579 neque
1209 2493 1251 2557 ab
1285 2493 1346 2557 hoc
1383 2492 1453 2557 loco
1492 2492 1630 2555 alienum

232 2620 302 2661 essc
336 2597 465 2661 videtur
494 2620 548 2662 eos
578 2621 691 2662 versus
719 2598 857 2682 adferre,
894 2598 1011 2683 quibus
1042 2596 1097 2663 καί
1129 2601 1163 2662 16
1196 2598 1296 2662 altera
1334 2597 1500 2661 cuiusdam
1535 2620 1630 2661 enun-

231 2704 299 2766 tiati
336 2701 413 2765 sede
451 2702 565 2766 eadem
603 2705 729 2766 notione
769 2726 832 2788 qua
870 2703 939 2767 aliis
978 2703 1056 2766 locis
1095 2700 1132 2769 δέ
1166 2706 1313 2787 usurpari
1347 2702 1475 2767 videtur
1506 2704 1538 2765 in
1572 2702 1631 2765 for-

232 2806 319 2871 mula
353 2805 437 2893 ἀμφὶ
469 2804 561 2892 noll)
608 2810 698 2870 66166
727 2807 811 2871 modi
848 2808 925 2871 locis
954 2806 1064 2892 (Ther.
1091 2807 1164 2891 247,
1188 2805 1264 2892 430,
1293 2807 1346 2871 ΑΙ.
1375 2807 1426 2889 79,
1454 2806 1528 2890 437,
1554 2804 1632 2892 449)

233 2911 422 2996 plerumque
460 2912 612 2976 nonnulla
650 2915 814 2976 enuntiata
856 2910 892 2978 δέ
929 2912 1059 2976 adnexa
1095 2912 1149 2977 vel
1189 2911 1389 2997 praecedunt
1429 2912 1482 2976 vel
1524 2934 1632 2975 succe·

235 3015 324 3099 dunt,
362 3025 396 3079 ut
431 3016 525 3080 facile
562 3016 729 3102 intellegas
766 3026 895 3103 poetam
932 3016 1036 3081 hiatus
1071 3015 1195 3081 vitandi
1232 3039 1330 3081 causa
1363 3014 1419 3081 καί
1452 3038 1509 3101 pro
1543 3016 1631 3080 solito

235 3117 271 3186 (Ιέ
312 3119 507 3185 adhibuisse.
560 3121 698 3207 denique
737 3122 896 3186 nonnullis
937 3122 1015 3186 locis
1056 3120 1214 3208 particula
1255 3118 1311 3187 καλ
1348 3119 1391 3185 ad
1432 3122 1633 3206 participium

234 3226 266 3288 vi
294 3227 479 3288 concessiva
513 3226 738 3311 instructum)
784 3226 922 3310 accedit,
957 3226 1053 3291 Ther.
1083 3226 1158 3310 719,
1185 3224 1259 3308 867,
1287 3225 1337 3289 ΑΙ.
1366 3225 1439 3308 225,
1468 3224 1531 3289 585
1567 3223 1633 3309 (καὶ

234 3334 271 3395 οὐ
294 3328 473 3416 χατέοντα),
505 3331 565 3395 361
596 3330 663 3418 (καὶ
685 3334 722 3395 οὐ
744 3330 915 3397 nortona}
940 3355 1001 3416 περ
1024 3327 1144 3419 ἔμπης,
1176 3332 1217 3395 61.
1240 3336 1270 3395 Ρ
1289 3329 1352 3393 229
1382 3328 1437 3395 καὶ
1459 3315 1633 3416 Ιτεθνηῶτά

234 3458 295 3518 περ
318 3430 444 3521 stunc).

339 3538 405 3603 Sed
440 3541 590 3624 quoniam
620 3562 705 3603 nunc
740 3539 782 3603 ad
814 3563 867 3604 eos
898 3541 1045 3603 venimus
1078 3539 1175 3623 16666,
1210 3539 1327 3625 quibus
1360 3538 1414 3605 καί
1448 3537 1633 3603 adverbiale

237 3666 309 3707 cum
351 3643 419 3707 aliis
450 3644 613 3729 particulis
644 3645 696 3708 vel
728 3645 917 3731 copulativis
951 3644 1003 3709 vel
1031 3644 1230 3709 disiunctivis
1267 3667 1328 3709 666
1363 3666 1426 3708 666
1467 3666 1541 3708 cum
1581 3642 1633 3705 ad-

380 3898 413 3949 ef.
429 3902 447 3947 I
464 3898 513 3946 159
532 3895 647 3947 τούνεκα
665 3900 714 3947 καί
729 3913 757 3947 τε
775 3900 898 3964 βροτοῖσι
916 3901 990 3948 θεῶν
1007 3894 1135 3964 ἔχθιστος
1153 3896 1289 3948 ἁπάντων.

382 3987 429 4035 661
448 3986 476 4033 16
494 3987 543 4034 καί
558 3985 668 4034 fortasse
687 3984 841 4049 copulativa
859 3988 900 4035 vis
919 3986 996 4034 inest.

342 3897 361 3963 1Ι

341 3983 363 4050 ²)

340 4070 362 4138 ³)
382 4088 434 4137 quo
452 4072 510 4121 1666
529 4074 578 4121 καί
592 4072 626 4122 ad
646 4072 813 4121 enuntiatum
832 4073 974 4122 relativum
994 4074 1117 4137 pertinet.

340 4157 362 4224 ⁴)
381 4159 413 4208 cf.
427 4159 506 4209 Ther.
524 4159 582 4208 576.

342 4244 362 4310 5)
383 4245 414 4295 cf.
430 4246 508 4296 Ther.
522 4246 581 4294 868.

342 4331 363 4398 6)
382 4333 416 4382 cf.
430 4333 508 4382 Ther.
523 4332 584 4381 957.

343 4418 363 4482 ⁷)
383 4420 454 4485 quod
471 4422 499 4468 in
518 4420 652 4469 notionem
671 4418 787 4469 πολλάκι
804 4423 853 4471 κοιλ
868 4421 948 4486 plane
964 4422 1029 4485 abit,
1048 4426 1078 4471 61
1095 4421 1212 4471 πολλάκι
1230 4423 1274 4471 vel
1292 4423 1387 4473 άλλοτε
1405 4423 1450 4473 vel
1468 4423 1556 4472 simile
1574 4422 1633 4486 quid

239 4513 286 4557 aut
304 4508 447 4572 praecedat
465 4512 511 4556 661
529 4513 663 4571 sequatur.

342 4594 364 4661 ⁸)
384 4594 662 4645 66166166666111616
681 4595 758 4662 ἀμφὶ
777 4592 810 4645 δέ
827 4595 963 4645 nonnullis
982 4597 1047 4646 16616
1065 4596 1150 4646 veluti
1169 4596 1210 4646 ΑΙ.
1230 4599 1279 4646 209
1298 4597 1403 4662 legitur.

345 4680 366 4746 ⁹)
386 4683 432 4747 qui
452 4699 513 4731 nsns
532 4682 602 4746 apud
621 4683 767 4731 Homerum
786 4682 866 4747 longe
884 4688 969 4747 patet3
989 4684 1022 4733 cf.
1038 4685 1126 4745 1655,
1145 4687 1174 4733 Ν
1183 4685 1242 4745 787,
1260 4689 1291 4734 Π
1301 4686 1360 4735 627.
