3542 5059
213 212 255 276 98

212 402 427 490 praefationes
454 401 666 483 intercedunt,
696 421 760 464 non
788 409 897 465 tantae
924 409 1006 484 sunt,
1033 408 1070 464 ut
1094 403 1133 464 iis
1155 399 1290 464 multum
1311 399 1480 463 tribuatur.
1527 406 1615 462 certe

213 506 370 573 eiusmodi
399 529 450 571 666
473 506 574 571 veluti
603 505 644 570 de
668 507 811 590 personis
841 507 1007 592 protaticis
1037 528 1057 569 a
1078 505 1230 569 Terentio
1261 503 1423 587 adhibitis,
1455 502 1496 566 de
1523 502 1614 567 bonis

213 611 435 678 meretricibus
458 635 478 676 a
493 611 644 675 Terentio
661 611 763 696 primo
786 612 818 673 in
834 632 987 674 scaenam
1001 609 1152 693 inductis,
1176 608 1217 673 de
1239 608 1446 694 locupletiore
1462 607 1615 694 Hecyrae

213 726 400 804 argumento
423 741 442 780 a
466 715 608 802 quolibet
635 717 689 800 qui
711 715 856 779 Terentii
881 715 1009 779 fabulas
1033 714 1216 799 diligentius
1237 713 1362 800 legerat
1383 711 1550 777 observari
1571 720 1615 775 at-

213 844 276 908 que
299 821 403 886 isdem
425 821 494 886 fere
517 820 625 885 verbis
648 819 784 905 proferri
808 829 991 904 potuerunt.

317 925 496 992 Commenti
515 935 641 1011 partem
660 924 735 989 inde
756 948 775 989 a
797 923 826 996 7,
844 924 861 987 7
884 947 988 1011 usque
1008 923 1051 989 ad
1072 923 1139 1005 8,3
1160 946 1234 987 cum
1254 925 1300 987 eis
1320 945 1403 1008 quae
1419 920 1616 986 antecedunt

213 1055 277 1097 non
300 1032 475 1096 cohaerere
498 1053 549 1095 me
572 1028 761 1115 probavisse
784 1039 871 1116 puto.
918 1039 992 1094 ante
1015 1029 1118 1094 verba
1140 1028 1208 1112 8,4
1230 1020 1408 1093 ‘comoedia
1428 1035 1477 1090 est
1495 1018 1617 1090 fabula’

212 1139 245 1201 in
275 1137 438 1202 Parisiaco
469 1137 623 1221 scriptum
654 1157 739 1200 csse:
769 1126 823 1199 ‘de
851 1128 1028 1200 comoedia'
1058 1136 1123 1198 iam
1152 1156 1251 1219 supra
1282 1133 1431 1197 diximus.
1477 1154 1542 1216 qua
1571 1132 1615 1194 in-

212 1243 383 1328 scriptione
407 1242 484 1327 quin
506 1263 625 1305 novam
641 1241 813 1304 commenti
828 1250 954 1326 partem
975 1241 1118 1324 incipere
1134 1238 1343 1324 significetur,
1367 1258 1471 1320 nemo,
1494 1237 1615 1321 opinor,

213 1345 382 1411 dubitabit.
429 1367 624 1431 quamquam
640 1354 750 1431 aptam
767 1367 836 1408 esse
859 1345 945 1409 hanc
967 1345 1206 1430 inscriptionem
1222 1342 1310 1407 haud
1325 1340 1420 1406 facile
1444 1339 1616 1423 concedas,

213 1474 287 1516 cum
309 1473 427 1536 magna
451 1460 541 1536 parte
565 1472 675 1514 eorum
699 1471 782 1535 quae
806 1459 986 1535 sequuntur
1008 1448 1052 1535 (8,
1074 1447 1264 1533 24-9,15)
1289 1469 1353 1511 non
1377 1446 1480 1510 solum
1502 1445 1543 1510 16
1567 1467 1615 1508 66-

212 1555 348 1639 moedis,
376 1555 434 1620 sed
462 1557 558 1620 etiam
586 1554 627 1619 de
654 1555 820 1639 tragoedia
848 1564 973 1640 agatur.
1019 1576 1058 1618 ac
1085 1554 1221 1618 fortasse
1248 1552 1331 1616 hacc
1353 1553 1516 1637 inscriptio
1539 1549 1615 1615 inde

213 1670 281 1726 orta
305 1669 362 1744 661,
387 1660 473 1746 quod
495 1661 557 1724 hoo
579 1659 649 1723 loco
672 1682 732 1723 sex
756 1658 910 1745 deinceps
934 1660 1097 1724 enuntiata
1120 1682 1140 1722 a
1163 1656 1322 1722 vocabulo
1346 1655 1512 1721 comoedia
1534 1654 1615 1719 ordi-

211 1775 309 1830 untur
339 1763 382 1852 (8,
406 1764 437 1830 4.
461 1765 490 1829 6.
517 1764 545 1828 7.
572 1764 621 1828 12.
649 1764 697 1828 13.
724 1762 788 1850 14).
835 1786 932 1849 quam
966 1763 1006 1827 ob
1037 1786 1107 1828 rem
1135 1762 1198 1826 hac
1228 1763 1435 1847 inscriptione
1468 1759 1616 1844 neglecta

213 1873 283 1957 quis
305 1871 346 1934 sit
368 1892 476 1934 rerum
499 1871 796 1954 sententiarumque
820 1868 898 1932 ordo
921 1870 954 1932 in
976 1868 1040 1932 hac
1063 1869 1236 1932 commenti
1257 1876 1349 1953 parte
1366 1865 1615 1930 consideremus.

211 1977 276 2038 iam
298 1996 375 2039 vero
399 1996 481 2060 quae
503 1973 533 2058 7,
557 1972 661 2038 1-21
680 1996 749 2059 sqq.
774 1976 1000 2037 contineantur
1022 1995 1120 2059 supra
1135 1972 1237 2037 habes
1254 1973 1410 2057 exposita.
1448 1972 1615 2034 veniamus

211 2081 308 2162 igitur
330 2078 373 2143 ad
397 2088 514 2143 cetera.
561 2077 591 2158 8,
608 2079 629 2140 4
645 2100 713 2164 sqq.
739 2078 780 2143 ds
797 2077 992 2159 comoediae,
1016 2077 1046 2162 8,
1070 2077 1113 2140 24
1128 2099 1197 2165 sqq.
1222 2076 1262 2141 de
1285 2075 1471 2161 tragoediae
1495 2076 1616 2157 origine

212 2193 244 2248 et
264 2185 391 2248 nomine
411 2185 526 2268 agitur,
543 2182 574 2266 9,
591 2183 632 2247 23
649 2205 718 2268 sqq.
735 2183 850 2247 iterum
871 2181 1056 2248 fabulamm
1070 2204 1192 2267 genera
1208 2190 1446 2263 enumerantur,
1465 2179 1515 2260 10,
1533 2180 1548 2241 1
1567 2194 1614 2263 sq.

212 2288 253 2352 de
279 2310 489 2374 personarum
517 2310 589 2371 usu,
619 2287 668 2371 10,
693 2287 797 2373 2sqq.
828 2287 868 2352 16
895 2286 1079 2352 fabularum
1105 2285 1385 2351 inscribendarum
1411 2285 1534 2349 ratione
1561 2306 1614 2347 ex-

211 2396 347 2479 ponitur,
367 2393 415 2477 10,
433 2393 453 2457 b
466 2414 535 2479 sqq.
552 2395 681 2458 tertium
695 2392 879 2456 fabularum
894 2415 1017 2477 genera
1031 2402 1128 2477 atque
1147 2391 1196 2475 10,
1210 2389 1229 2453 8
1242 2412 1311 2476 sqq.
1335 2392 1451 2454 iterum
1467 2397 1616 2474 quattuor

211 2498 341 2562 fabulae
364 2506 474 2583 partes
497 2506 727 2562 enumerantur
749 2519 926 2582 earumque
941 2498 1026 2561 notio
1042 2495 1231 2581 explicatur.
1278 2516 1361 2579 quae
1376 2492 1452 2557 inde
1468 2492 1509 2556 ab
1529 2492 1578 2570 11,
1598 2493 1613 2554 1

211 2625 313 2688 usque
336 2601 378 2668 ad
394 2603 489 2667 finem
514 2602 674 2687 leguntur,
698 2623 895 2688 quamquam
918 2602 964 2665 eis
986 2603 1018 2665 in
1035 2603 1222 2665 universum
1245 2598 1285 2662 de
1308 2597 1425 2662 fabulis
1447 2599 1613 2683 postisque

211 2708 366 2772 scaenicis
382 2709 436 2792 agi
451 2706 589 2790 videtur,
605 2716 714 2771 tamen
730 2709 774 2771 ita
790 2714 976 2792 comparata
990 2715 1073 2789 sunt,
1089 2715 1134 2788 ut,
1150 2707 1176 2768 si
1193 2705 1337 2790 excipias
1353 2725 1436 2788 quae
1451 2701 1502 2786 11,
1516 2702 1553 2764 11
1565 2724 1612 2786 sq.

211 2821 243 2876 61
268 2811 316 2895 12,
341 2811 446 2897 3sqq.
479 2810 520 2874 de
543 2833 681 2876 scaenae
712 2820 881 2896 apparatu,
915 2811 964 2895 11,
991 2809 1172 2894 13-12,3
1203 2809 1243 2874 16
1277 2809 1467 2872 histrionum
1495 2809 1614 2871 vestitu

211 2916 370 3000 dicuntur,
402 2915 653 2980 didascaliarum
675 2917 757 2979 serie
781 2915 953 2980 observata
983 2913 1024 2979 de
1056 2913 1178 2997 ordine,
1213 2935 1276 2999 quo
1308 2922 1339 2976 et
1368 2911 1551 2976 fabularum
1582 2919 1614 2974 et

209 3029 376 3106 poetarum
399 3023 528 3085 nomina
551 3019 813 3107 proponebantur
836 3019 903 3108 (11,
930 3021 945 3082 1
964 3019 1037 3106 sq),
1072 3019 1113 3084 de
1135 3019 1221 3082 ludis
1243 3015 1513 3103 quibus‘fabulae
1536 3039 1612 3100 age·

210 3124 329 3189 bantur
352 3124 417 3212 (11,
435 3124 452 3187 7
470 3124 565 3211 sqq),
590 3124 631 3189 de
649 3124 901 3211 diverbiorum1)
921 3125 1179 3211 pronuntiatione
1203 3122 1269 3210 (12,
1287 3121 1332 3208 7),
1356 3121 1396 3186 (16
1414 3122 1612 3186 canticorum

209 3228 312 3293 modis
336 3231 454 3314 quique
483 3251 536 3293 eos
563 3228 700 3293 fecerint
727 3239 758 3293 61
786 3228 945 3314 quomodo
973 3227 1119 3293 diverbia
1146 3237 1178 3292 et
1201 3228 1326 3292 cantica
1349 3225 1528 3312 significata
1550 3226 1614 3289 sint

211 3333 277 3420 (12,
295 3332 313 3395 7
330 3332 426 3420 sqq),
450 3333 590 3419 denique
614 3334 654 3399 de
677 3334 761 3399 tibiis
776 3334 880 3398 verba
903 3335 991 3399 fiant.
1037 3333 1128 3397 vides
1151 3334 1248 3417 igitur
1268 3331 1350 3396 duas
1373 3340 1496 3395 tantum
1518 3331 1613 3415 parti-

211 3436 299 3502 culas
322 3439 450 3503 maioris
473 3438 612 3503 ambitus
636 3461 705 3503 esse
730 3436 774 3525 (8,
791 3437 887 3522 3-9,
911 3438 953 3502 22
976 3447 1008 3502 61
1032 3437 1239 3520 11,13-12,
1260 3435 1305 3523 3),
1329 3444 1446 3518 661666,
1470 3433 1504 3499 11
1527 3432 1613 3519 quod

209 3552 297 3608 66616
331 3541 558 3608 animadvertit
589 3542 739 3629 Schopen
769 3543 853 3607 Mus.
884 3543 989 3607 Rhen.
1013 3550 1035 3606 1.
1062 3542 1088 3606 Ι.
1120 3551 1185 3607 vet.
1217 3564 1278 3606 ser.
1302 3538 1416 3627 (1821)
1450 3536 1612 3625 61331),

209 3645 287 3712 nihil
310 3646 398 3712 aliud
421 3669 518 3732 quam
540 3648 722 3733 fragmenta
749 3657 823 3712 sunt
849 3668 956 3732 neque
984 3645 1114 3711 consilio
1137 3644 1278 3732 quodam
1302 3645 1484 3709 consociata
1505 3664 1612 3728 neque

211 3750 323 3816 ordine
345 3751 410 3815 ullo
434 3751 597 3838 disposita.

312 3855 362 3918 Ea
393 3877 478 3941 pars,
510 3879 574 3942 qua
605 3855 634 3939 8,
659 3855 755 3940 3-9,
780 3855 821 3918 22
852 3857 1065 3938 continentur,
1096 3855 1260 3919 variorum
1284 3853 1474 3939 scriptorum
1498 3851 1539 3916 de
1563 3874 1612 3916 co-

208 3959 355 4026 moediae
374 3961 502 4024 nomine
523 3969 555 4024 61
574 3963 696 4044 origine
717 3961 891 4026 sententias
911 3959 1147 4045 conglutinatas
1168 3958 1309 4023 exhibet.
1348 3958 1472 4022 initium
1488 3958 1614 4042 capitur

209 4088 229 4128 a
252 4063 436 4129 comoediae
461 4063 643 4129 definitione
660 4064 798 4148 Graeca,
822 4086 921 4150 qoam
943 4063 986 4129 ad
1007 4062 1267 4149 Theophrastum
1289 4060 1396 4125 redire
1417 4085 1438 4126 a
1453 4060 1612 4126 Diomede

209 4167 264 4255 (G.
285 4168 323 4232 L.
345 4168 362 4232 Ι
383 4167 458 4251 488,
482 4169 512 4253 3,
537 4169 577 4233 cf.
593 4166 668 4252 487,
688 4167 741 4256 11)
772 4167 956 4233 edocemur.
1003 4177 1182 4254 sequuntur
1212 4166 1242 4250 8,
1268 4167 1285 4229 7
1317 4189 1356 4230 66
1386 4188 1469 4252 quae
1497 4163 1611 4232 Cicero

210 4270 338 4359 (fragm.
362 4273 430 4338 XII
453 4273 618 4338 Ho1tensii
641 4272 710 4338 coll.
734 4271 875 4359 Usener)
900 4273 941 4338 de
965 4272 1151 4338 comoediae
1174 4281 1289 4337 natura
1312 4270 1403 4355 dixit,
1426 4273 1470 4334 ita
1493 4279 1612 4353 tamen,

313 4446 334 4514 ¹)
353 4449 475 4500 diverbia
492 4449 585 4514 scripsi
604 4464 637 4500 66
655 4453 761 4499 6666166
780 4464 849 4514 quae
860 4447 964 4498 Ritschl
976 4449 1044 4499 Mus.
1063 4449 1149 4499 Rhen.
1168 4448 1258 4498 XXVI
1276 4449 1326 4497 625
1345 4447 1406 4497 adn.
1418 4447 1462 4507 58,
1479 4446 1614 4497 Biichslsr

207 4535 277 4586 Ann.
296 4535 361 4602 phil.
381 4536 444 4586 0111
462 4537 512 4586 273
525 4552 572 4600 sq,
591 4536 681 4602 Bergk
699 4536 797 4586 Philol.
816 4536 907 4585 XXXI
925 4538 985 4597 231,
1008 4536 1069 4586 adn.
1087 4537 1103 4585 5
1121 4535 1334 4600 disputaverunt.
1370 4538 1463 4584 contra
1480 4533 1612 4585 Daiatako

207 4623 276 4674 Mus.
295 4623 381 4673 Rhen.
400 4623 490 4674 XXVI
511 4625 556 4673 101
572 4639 628 4688 sqq.
647 4627 674 4673 61
691 4623 760 4673 Anu.
779 4623 844 4689 phil.
864 4622 928 4673 CIII
946 4625 997 4674 819
1009 4639 1066 4688 sqq.
1083 4623 1195 4673 formam
1213 4622 1341 4673 dsvsrbia
1358 4626 1457 4672 tuetur.

313 4707 334 4774 ²)
354 4709 387 4760 cf.
406 4711 462 4760 Leo
481 4711 549 4760 Mus.
569 4711 654 4760 Rhon.
673 4711 817 4761 XXXVIII
835 4712 885 4760 327
898 4727 953 4776 sqq.
