3542 5059
1628 173 1643 237 7

142 364 146 371 “
248 351 345 416 haud
360 354 513 439 exiguum
537 376 610 419 cum
633 356 779 419 versibus
795 355 988 421 Nicandreis
1004 359 1108 422 inesse
1125 382 1199 423 oum
1214 364 1394 447 argumenti
1409 371 1477 426 tum
1493 366 1646 428 sermonis

248 479 449 542 consensum,
473 462 577 542 itaut,
601 462 627 523 si
649 462 810 545 integrum
834 461 925 526 nobis
948 472 1146 527 reservatum
1170 475 1255 530 esset
1273 469 1433 554 Θηριακοῦ
1449 467 1514 551 (vel
1533 471 1647 557 Θηρια-

245 561 325 646 κῶν)
353 584 494 647 carmen,
522 563 712 629 scholiastae
740 566 841 631 verba
871 565 1130 654 restaurabimus
1152 569 1187 632 ἐκ
1216 578 1280 634 τῶν
1303 569 1486 658 Νουμηνίου
1516 595 1647 658 prorsus

247 668 490 752 comprobatum
511 670 550 731 iri
572 672 641 733 veri
657 669 758 733 simile
781 669 860 756 sitl)
898 681 1028 756 praeter
1049 672 1244 737 Numenium
1267 674 1344 738 alios
1368 697 1494 761 quoque
1517 680 1646 762 generis

246 771 398 835 didactici
420 771 567 859 poetasl)
590 774 754 839 Nicandro
777 775 830 839 hic
851 774 914 839 illic
938 776 1086 860 exemplo
1109 786 1206 862 atque
1233 781 1304 842 usui
1325 780 1424 844 fuisse
1453 785 1523 845 veri
1543 783 1645 847 simile

245 885 302 959 est,
335 875 375 940 de
406 878 522 962 quibus
553 901 776 965 quaecumque
806 890 882 966 apta
905 879 1100 945 videbantur
1127 880 1317 968 depromere
1340 895 1461 969 posset3
1493 887 1580 971 quod
1603 888 1644 952 de

245 981 388 1046 Hesiodo
398 981 424 1068 ⁸)
445 983 586 1069 quidem,
609 987 665 1069 qui
681 984 860 1049 didacticae
877 1007 1012 1070 poeseos
1034 989 1126 1071 quasi
1149 1009 1266 1071 parens
1289 987 1480 1072 habebatur,
1503 1014 1643 1055 necnon

248 1085 286 1149 de
310 1086 421 1171 Arato,
449 1088 492 1153 ad
520 1091 609 1153 cuius
638 1090 805 1175 exemplar
830 1090 1032 1154 Nicandrum
1058 1112 1093 1155 se
1121 1094 1336 1176 composuisse
1365 1103 1397 1157 et
1418 1099 1644 1184 μεταφράστην

244 1349 318 1400 libris
337 1355 419 1414 extat,
437 1366 471 1401 ex
489 1367 513 1401 v.
533 1352 611 1401 Ther.
631 1354 681 1401 257
699 1353 728 1401 in
746 1352 856 1403 scholiis
874 1354 938 1418 ipsis
961 1354 1042 1403 citato
1064 1354 1203 1418 irrepsisse
1226 1353 1342 1419 videtur)
1365 1370 1398 1422 γε
1419 1354 1475 1421 μὲν
1491 1352 1579 1412 ,εἴδετ’
1597 1354 1643 1407 ea

238 1437 313 1503 χρὼς
333 1436 337 1500 Ι
357 1437 467 1505 ἠερόεις,
486 1438 546 1489 τοτέ
567 1435 593 1487 d’
612 1428 647 1489 od
664 1440 770 1506 μολίβῳ
790 1437 943 1507 ἐναλίγκιος
963 1434 1045 1502 εἶδος,
1065 1441 1069 1504 Ι
1089 1440 1183 1492 dlicta
1208 1440 1333 1492 καδαίνει
1355 1442 1440 1513 κάλχῃ
1464 1442 1529 1506 ἴσος,
1552 1445 1591 1494 ita
1613 1451 1645 1494 ut

242 1525 435 1575 adiectivorum
454 1524 607 1593 ἐναλίγκιος
625 1531 652 1575 et
670 1526 727 1583 ἴσος
745 1528 942 1579 terminationis
961 1545 990 1585 ος
1007 1529 1035 1577 in
1054 1545 1086 1578 ον
1105 1534 1223 1579 mutatae
1235 1530 1431 1579 substantivum
1444 1523 1518 1587 εἶδος
1535 1547 1642 1581 causam

242 1611 324 1661 fuisse
343 1614 500 1663 existimem.
536 1614 607 1678 quod
624 1614 657 1663 ad
676 1615 800 1665 voculam
819 1612 859 1679 δέ,
887 1631 967 1679 quam
985 1622 1043 1681 post
1061 1616 1156 1665 ἄλλοτε
1179 1616 1296 1666 additam
1319 1623 1452 1682 expectes,
1474 1618 1585 1680 adtinet,
1608 1620 1642 1669 ad

241 1714 333 1749 versus
352 1700 430 1750 Ther.
450 1702 510 1763 238,
529 1701 588 1762 257,
606 1701 647 1751 Al.
670 1702 718 1751 155
741 1702 844 1768 delego.
880 1703 925 1752 vel
949 1704 1021 1752 hunc
1043 1705 1072 1752 in
1095 1703 1201 1753 modum
1224 1704 1377 1754 scribendos
1400 1720 1457 1754 esse
1479 1705 1528 1755 hos
1549 1721 1641 1756 versus

240 1786 380 1836 suadeam:
408 1786 519 1855 ῥέθεσίν
542 1803 573 1855 γε
592 1788 646 1855 μέν
666 1785 746 1839 εἴδετ’
761 1787 807 1839 trit
824 1790 900 1857 χρὼς
921 1789 1032 1858 ἠερόεις,
1059 1790 1119 1841 τοτέ
1143 1786 1170 1839 θ’
1188 1780 1224 1840 αὖ
1248 1790 1355 1858 μολίβῳ
1378 1790 1534 1857 ἐναλίγκιον
1557 1786 1640 1856 οἶδας,

240 1873 336 1924 ἄλλοτε
357 1872 483 1925 κυδαίνει
504 1876 590 1945 κάλχῳ
614 1876 682 1939 ἴσον,
709 1878 749 1925 ita
771 1881 801 1926 ut
824 1879 985 1927 constructio
1008 1878 1074 1927 haec
1097 1879 1143 1927 sit:
1170 1876 1231 1928 τοτέ
1254 1874 1281 1927 d’
1299 1868 1335 1927 ud
1356 1871 1432 1933 οἶθος
1453 1877 1578 1930 κυδαίνει
1596 1880 1641 1944 (cf.

238 1960 320 2012 Ther.
337 1962 389 2011 426
411 1961 559 2029 κορθύεται
581 1956 664 2022 αἶθος,
687 1963 751 2015 ibid.
771 1966 821 2013 743
844 1965 906 2014 θέει
928 1958 1014 2030 οἷθος)
1036 1965 1141 2031 μολίβῳ
1163 1963 1328 2031 ἐναλίγκιον,
1351 1964 1445 2015 ἄλλοτε
1467 1966 1552 2034 κάλχῃ
1570 1966 1639 2018 ἴσον.

239 2049 337 2113 quibus
356 2052 465 2100 mutatis
484 2055 511 2099 et
528 2051 601 2116 apud
618 2051 783 2101 Numenium
807 2057 834 2101 et
856 2051 927 2116 apud
951 2051 1116 2115 Nicandrum
1137 2053 1215 2102 Ther.
1235 2054 1285 2101 ἳ56
1303 2069 1342 2117 sq.
1365 2053 1470 2103 easdem
1493 2053 1548 2104 fere
1571 2056 1640 2104 cutis

238 2135 408 2187 condiciones
436 2138 549 2188 describi
571 2138 661 2204 (Num.
674 2138 784 2206 ἠερόεις,
803 2139 859 2189 Nic.
874 2138 1031 2205 ὴερόεσσαν,
1050 2140 1127 2188 Num.
1140 2140 1246 2206 μολίβῳ
1265 2137 1432 2206 ἐναλίγκιον,
1450 2142 1508 2190 Nic.
1521 2142 1638 2207 μολίβου

237 2222 406 2291 ζοφοειθέος,
429 2225 507 2275 Num.
526 2226 611 2295 κάλχῃ
630 2224 698 2287 ἴσον,
723 2227 780 2276 Nic.
800 2226 916 2277 ἄνθεσιν
935 2226 1026 2277 εἴσατο
1039 2225 1159 2291 χαλκοῦ)
1178 2231 1390 2292 concentumque
1408 2229 1480 2277 inter
1497 2234 1639 2293 utrumque

236 2312 319 2361 etiam
338 2313 366 2360 in
386 2312 499 2377 singulis
517 2314 596 2363 rebus
615 2312 743 2377 adparere
762 2314 892 2363 videmus.

343 2414 363 2481 1)
383 2424 476 2467 contra
488 2417 518 2467 Ο.
533 2418 679 2468 Schneider
697 2434 854 2469 consensum
872 2417 950 2467 illum
968 2418 1039 2468 inter
1055 2418 1218 2467 Numenium
1231 2417 1448 2483 Nicandrumque
1465 2421 1638 2484 conspicuum

237 2518 292 2552 non
312 2509 366 2553 tam
386 2520 416 2554 eo
436 2505 506 2568 quod
524 2506 673 2556 Numenius
691 2505 825 2555 Nicandro
847 2508 876 2555 in
898 2521 1020 2556 sermone
1043 2505 1166 2570 eligendo
1189 2505 1310 2570 exemplo
1335 2505 1387 2554 fuit
1409 2520 1488 2569 quam
1513 2522 1545 2556 eo
1568 2507 1639 2571 qnod

236 2591 413 2655 Apollodorus
432 2594 570 2657 utriusque
589 2599 683 2658 poetae
701 2595 730 2642 in
749 2594 912 2644 carminibus
937 2592 1083 2657 pangendis
1101 2598 1195 2644 auctor
1212 2592 1271 2652 fuit,
1290 2591 1479 2656 explicandum
1498 2608 1554 2643 esse
1573 2594 1638 2643 dicit

236 2678 279 2727 bis
298 2680 387 2729 verbis
406 2679 534 2746 (prolegg.
554 2698 579 2746 p.
598 2677 673 2745 201):
697 2677 770 2731 ‘satis
787 2685 878 2731 autem
896 2686 1009 2745 apparet
1032 2680 1170 2744 utriusque
1193 2685 1289 2743 poetae
1311 2695 1403 2729 versus
1425 2680 1492 2730 adeo
1510 2681 1563 2731 sibi
1581 2696 1639 2731 esse

236 2766 347 2826 similes,
366 2772 396 2816 ut
414 2767 564 2817 mirandum
583 2770 696 2828 nonsit,
715 2768 784 2833 quod
804 2767 885 2817 schol.
905 2767 938 2817 ad
951 2767 1030 2817 Ther.
1044 2768 1094 2816 237
1112 2782 1161 2816 sua
1178 2766 1342 2815 Nicandrum
1361 2765 1390 2817 ἐκ
1408 2771 1458 2816 τοῦ
1476 2770 1638 2833 Νουμηνίοο

235 2854 489 2918 μεταιτειτοιηκέναι
516 2854 620 2905 dixerit.
656 2860 684 2905 at
706 2856 799 2905 licebit
821 2861 911 2905 tamen
937 2856 982 2903 hic
1003 2869 1108 2919 quoque
1126 2855 1257 2919 suspicari
1274 2859 1417 2917 utrumque
1435 2869 1475 2913 ea,
1493 2855 1522 2902 in
1541 2856 1638 2918 quibus

236 2943 413 3004 consentiant,
442 2941 600 3007 Apollodoro
629 2948 740 3009 accepta
762 2939 905 2992 rettulisse’
933 2942 977 3007 (cf.
1002 2941 1116 2991 eundem
1139 2942 1167 2989 in
1190 2941 1308 3006 prolegg.
1331 2958 1356 3006 p.
1382 2940 1450 3006 199).
1488 2956 1557 3005 qnae
1584 2943 1636 2990 viri

236 3028 383 3077 doctissimi
405 3031 538 3079 sententia
560 3047 624 3079 num
647 3046 711 3081 vera
734 3032 768 3080 sit
790 3046 886 3095 magno
910 3044 990 3094 opere
1013 3029 1114 3092 dubito,
1137 3030 1292 3093 praesertim
1316 3045 1376 3077 cum
1400 3044 1544 3078 consensus
1566 3030 1637 3079 inter

235 3116 310 3165 locos
328 3116 405 3166 modo
424 3121 549 3167 tractatos
568 3118 629 3167 talis
647 3120 690 3179 sit,
709 3118 816 3182 qualem
835 3132 867 3167 ex
886 3115 1039 3181 Apollodori
1062 3116 1137 3166 libris
1155 3116 1263 3165 fluxisse
1287 3117 1332 3164 vix
1355 3121 1453 3180 putem,
1477 3131 1637 3180 quamquam

235 3204 271 3251 ab
291 3202 338 3252 illo
358 3204 460 3254 medico
473 3205 636 3254 Nicandrum
655 3210 760 3270 praeter
778 3206 918 3255 materiam
936 3203 1078 3253 nonnullas
1097 3219 1202 3268 quoque
1215 3203 1321 3252 dicendi
1338 3204 1444 3268 generis
1462 3204 1638 3268 proprietates

235 3290 289 3338 sibi
308 3292 451 3355 sumpsisse
469 3291 612 3341 admodum
631 3294 688 3342 veri
706 3291 794 3341 simile
812 3296 859 3354 est,
878 3291 948 3356 quod
966 3296 1056 3340 tamen
1075 3291 1231 3356 singillatim
1250 3291 1284 3339 ob
1296 3291 1471 3355 exiguitatem
1484 3289 1637 3355 Apollodori

235 3377 422 3442 reliquiarum,
445 3383 537 3443 utpote
560 3394 629 3443 quae
652 3396 705 3430 non
728 3380 862 3444 scriptoris
885 3379 978 3443 ipsius,
1004 3378 1050 3427 sed
1077 3393 1169 3427 eorum
1197 3379 1243 3441 qui
1271 3378 1328 3427 eius
1352 3393 1432 3441 opera
1458 3377 1638 3427 adhibuerant

234 3465 325 3514 verbis
344 3470 466 3515 servatae
484 3467 546 3527 sint,
564 3467 639 3517 nullo
657 3472 734 3532 pacto
753 3467 920 3532 comprobari
938 3469 1031 3530 potest.

341 3566 363 3633 ²)
391 3585 503 3634 quorum
531 3586 583 3634 quo
611 3572 670 3635 quis
701 3571 839 3620 materiam
867 3569 1077 3619 Nicandreorum
1108 3570 1256 3618 carminum
1286 3570 1452 3632 argumentis
1481 3567 1636 3618 similiorem

236 3660 408 3715 tractaverat,
428 3671 458 3706 eo
478 3660 562 3723 magis
581 3673 641 3707 eum
660 3674 677 3707 a
693 3657 828 3707 Nicandro
847 3658 874 3705 in
894 3672 971 3705 usum
990 3657 1110 3705 converti
1128 3657 1245 3720 potuisse
1263 3656 1433 3705 manifestum
1453 3659 1504 3718 est,
1522 3655 1556 3704 cf.
1570 3670 1639 3718 quae

234 3761 262 3809 p.
281 3746 297 3793 6
315 3743 376 3794 adn.
396 3744 412 3792 5
431 3743 463 3793 de
482 3744 651 3795 Archestrato
670 3742 862 3799 Ἧθιιααθείας
881 3749 988 3793 auctore
1006 3743 1129 3792 diximus.

340 3845 363 3913 ⁸)
382 3864 451 3913 quae
464 3863 498 3897 ex
508 3849 626 3899 Hesiodo
645 3850 730 3915 petita
748 3864 805 3899 esse
824 3850 875 3899 sibi
888 3848 1019 3913 persuasit
1030 3848 1088 3896 Ric.
1102 3847 1253 3897 Volkmann
1272 3862 1304 3896 ea
1316 3846 1416 3896 Comm.
1436 3861 1495 3911 epp.
1514 3864 1540 3912 p.
1553 3847 1586 3895 55
1599 3863 1636 3911 sq.

234 3937 377 4001 congessit.
401 3936 435 3985 cf.
459 3952 527 4000 quae
551 3942 643 3987 contra
666 3953 726 3987 eum
750 3937 897 4003 disputavit
916 3935 946 3985 Ο.
965 3934 1112 3985 Schneider
1134 3934 1252 4000 prolegg.
1271 3952 1296 4000 p.
1317 3936 1375 3983 210.
1399 3938 1488 3984 tamen
1507 3933 1579 3983 haud
1598 3935 1638 3982 in-

234 4024 306 4072 iuria
324 4022 372 4072 hos
395 4024 466 4073 locos
490 4023 610 4073 conferre
634 4013 736 4074 licebit:
762 4026 826 4074 Hes.
846 4024 913 4088 Opp.
934 4024 984 4071 298
1014 4022 1143 4089 ἡμετέρης
1169 4021 1349 4088 μεμνημένος
1375 4020 1436 4071 αἰὲν
1463 4020 1585 4088 ἐφετμῆς
1611 4026 1638 4071 et

234 4110 316 4159 Ther.
340 4112 385 4159 117
408 4110 569 4179 ἡμετέρῃσιν
588 4110 733 4177 ἐρωήσειας
751 4111 894 4179 ἐφετμαῖς,
917 4110 985 4174 Opp.
1005 4111 1055 4158 305
1078 4106 1235 4175 μελισσάων
1257 4111 1383 4176 κάματον
1407 4112 1434 4158 et
1451 4107 1493 4158 Al.
1514 4109 1564 4157 144
1585 4124 1638 4175 με-

235 4199 357 4248 λισσάων
374 4201 498 4264 καμάτῳ,
517 4199 649 4263 oppeto
668 4203 803 4250 θανάτοιο
823 4196 933 4264 δότειρα
952 4201 978 4247 et
997 4195 1038 4245 Al.
1058 4197 1107 4244 612
1126 4198 1322 4247 θανάτοιο...
1341 4193 1479 4262 θότειραν,
1505 4195 1572 4261 Opp.
1586 4197 1637 4244 479

235 4286 338 4349 ἠελίοιο
357 4290 458 4353 τροπῇς
476 4291 503 4335 et
521 4286 600 4339 Ther.
620 4288 669 4336 678
688 4287 789 4351 ἠελίοιο
808 4287 929 4352 τροπαῖς,
952 4284 1019 4349 Opp.
1039 4283 1090 4332 587
1109 4285 1217 4348 Σείριος
1235 4282 1293 4339 ἄζει
1316 4286 1342 4331 et
1364 4282 1443 4332 Ther.
1463 4284 1514 4331 779
1538 4286 1639 4350 σείριος

235 4370 296 4442 ἄζῃ.
332 4387 402 4436 quae
429 4372 577 4424 locutiones
598 4374 669 4439 apud
692 4380 834 4438 utrumque
861 4374 1016 4436 scriptorem
1040 4370 1132 4419 eodem
1157 4385 1249 4418 versus
1271 4369 1329 4418 loco
1358 4368 1491 4434 leguntur.
1529 4370 1637 4418 minoris

236 4474 301 4509 vero
320 4461 447 4509 momenti
466 4475 522 4510 esse
541 4461 654 4521 videtur,
678 4461 748 4526 quod
766 4466 796 4510 ut
814 4460 886 4525 apud
904 4457 1050 4507 Hesiodum
1068 4458 1106 4505 ita
1125 4458 1152 4504 in
1171 4456 1298 4506 Nicandri
1317 4458 1479 4506 carminibus
1498 4466 1539 4506 sat
1557 4471 1638 4521 saepe

234 4546 360 4596 invenies
377 4546 540 4597 infinitivum
560 4550 713 4614 imperativi
732 4548 789 4598 loco
808 4551 973 4612 usurpatum,
997 4545 1096 4609 quippe
1120 4558 1199 4607 quem
1223 4543 1294 4608 apud
1316 4543 1383 4594 alios
1404 4559 1510 4608 quoque
1532 4546 1638 4610 generis

236 4634 365 4685 didactici
383 4640 483 4701 poetas,
502 4635 588 4685 veluti
607 4636 679 4701 apud
697 4637 807 4685 Aratum
826 4635 993 4698 frequentem
1012 4647 1070 4681 esse
1088 4635 1198 4681 constet.
