3542 5059
191 216 253 281 144

189 409 337 474 exhibuit
359 408 467 496 (Apol.
485 411 515 492 6,
537 433 569 497 p.
589 410 725 498 10,11);
754 403 897 476 ‘dentem
919 420 1016 496 atque
1039 431 1166 476 russam
1187 414 1383 498 pumicare
1404 410 1591 500 gingivam’.

189 513 322 579 Lucreti
340 514 443 580 verba
462 514 508 594 (V
523 515 615 603 575)
639 507 790 603 ‘lunaque
810 517 878 581 sive
899 515 996 581 notho
1015 516 1118 580 fertur
1135 515 1208 581 loca
1227 515 1345 582 lumine
1365 517 1505 584 lustrans
1524 522 1593 585 sive

189 641 279 684 suam
302 623 431 706 proprio
453 623 550 686 iactat
573 621 614 686 de
638 644 771 708 corpore
794 617 911 686 lucem’
933 622 980 686 sic
1004 620 1197 686 deformavit
1224 621 1269 708 (d.
1287 622 1375 688 Socr.
1396 624 1424 707 1,
1446 646 1477 710 p.
1495 625 1525 704 6,
1542 626 1591 711 2):

188 715 328 789 ‘notham
358 728 456 792 iactat
485 725 526 791 de
557 749 690 812 corpore
719 721 845 792 lucem'.
891 726 1039 791 conferas
1067 748 1194 813 quoque
1217 726 1320 792 Plaut.
1337 729 1404 793 Mil.
1421 728 1538 814 glor.4
1561 740 1593 797 et

189 828 220 892 d.
238 829 326 894 Socr.
347 831 397 914 11,
419 853 450 916 p.
470 832 520 915 15,
540 831 588 895 12.
633 830 722 895 unde
753 831 858 917 colligi
887 853 982 917 posse
1015 840 1095 917 puto
1122 830 1298 917 Apuleium
1332 855 1388 898 eos
1421 835 1592 919 scriptores

187 945 373 1021 poetasque,
405 957 539 1021 quorum
569 935 655 1000 looos
686 935 809 1017 adtulit,
840 938 946 1021 ipsum
977 957 1088 1001 omnes
1117 935 1244 1023 legisse.
1290 935 1348 1001 sed
1379 959 1453 1002 eum
1482 939 1592 1024 plures

188 1042 293 1124 etiam,
322 1040 364 1105 de
391 1041 509 1127 quibus
536 1043 729 1106 mentionem
757 1041 834 1109 fecit
855 1040 987 1123 nullam,
1018 1042 1148 1106 novisse
1169 1040 1397 1127 hominemque
1418 1042 1537 1108 multae
1560 1055 1592 1110 et

186 1147 297 1210 variae
316 1145 461 1211 lectionis
481 1146 580 1210 fuisse
600 1147 664 1211 iam
685 1146 903 1234 comprobabo
923 1148 978 1230 ita,
998 1156 1034 1211 ut
1052 1148 1192 1233 primum
1212 1146 1252 1210 de
1269 1146 1411 1232 Vergilio
1427 1157 1460 1212 et
1474 1146 1590 1214 Ovidio

105 1255 106 1258 ’
187 1273 348 1336 exponam
372 1249 444 1338 (hos
460 1253 544 1316 enim
559 1249 734 1337 Apuleium
756 1253 897 1317 maxime
913 1252 1098 1337 respexisse
1120 1250 1197 1316 mihi
1221 1251 1390 1338 persuasi),
1414 1251 1533 1319 deinde
1549 1253 1593 1320 ds

187 1355 300 1421 Plauto
316 1356 467 1421 Terentio
488 1357 666 1442 ceterisque
685 1359 788 1442 poetis
808 1355 1043 1443 antiquioribus
1063 1379 1170 1442 agam,
1190 1355 1329 1442 denique
1350 1356 1592 1424 observationes

187 1461 344 1547 quasdam
368 1461 410 1525 de
432 1483 547 1547 prosae
563 1463 713 1526 orationis
736 1461 945 1548 scriptoribus
968 1460 1098 1541 addam,
1121 1483 1202 1547 quos
1216 1460 1390 1547 Apuleium
1411 1462 1591 1548 pervoluta·

185 1569 271 1631 visse
295 1590 338 1631 ex
360 1566 588 1632 imitationibus
613 1589 696 1654 quae
718 1569 751 1632 in
773 1566 863 1633 libris
886 1568 956 1633 eius
980 1568 1223 1652 conspiciuntur
1244 1564 1449 1655 intellegitur.

289 1670 469 1758 Vergilium
496 1694 559 1736 non
587 1671 689 1737 solum
716 1681 828 1758 poetas
855 1674 997 1737 omnium
1023 1673 1221 1757 antiquitatis
1243 1681 1425 1759 temporum
1447 1672 1592 1742 studiose

187 1786 313 1842 secutos
336 1787 433 1863 atque
455 1779 593 1842 imitatos
617 1799 698 1863 esse,
727 1775 785 1841 sed
813 1779 910 1842 etiam
936 1776 1024 1841 haud
1052 1799 1175 1862 paucos
1202 1779 1373 1863 scriptores
1400 1776 1549 1844 flosculos
1571 1803 1589 1844 e

187 1882 382 1948 carminibus
411 1883 478 1947 eius
505 1883 621 1969 petitos
648 1885 681 1946 in
702 1904 796 1948 usum
824 1905 917 1948 suum
946 1884 1143 1948 convertisse
1167 1891 1301 1948 constat.
1346 1904 1453 1972 neque
1476 1907 1516 1949 ea
1537 1907 1589 1950 res

185 1989 267 2052 mira
281 1987 418 2052 videtur.
463 2010 539 2052 nam
555 1987 597 2052 ab
613 1987 755 2053 Homero
771 1997 803 2053 et
818 1987 961 2074 Vergilio
979 1987 1074 2054 lectio
1094 1991 1127 2053 in
1144 1987 1261 2053 scholis
1276 1988 1450 2075 incipiebat
1464 2011 1589 2058 versus-

186 2114 249 2178 que
276 2095 344 2157 eius
371 2116 391 2157 a
417 2094 524 2178 pueris
551 2094 725 2158 memoriae
752 2093 897 2159 mandati
919 2095 1018 2159 variis
1045 2092 1330 2158 exercitationibus
1356 2092 1590 2179 tractabantur,

184 2199 228 2262 ita
251 2205 287 2262 ut
308 2196 402 2262 facile
422 2197 613 2263 adsentiaris
628 2198 811 2284 Augustino
835 2197 890 2285 (de
907 2200 967 2264 civ.
985 2197 1038 2263 dei
1053 2200 1070 2265 I
1085 2196 1119 2285 3)
1143 2198 1263 2264 dicenti
1285 2206 1413 2286 poetam
1435 2220 1588 2284 magnum

184 2304 388 2389 omniumque
413 2301 704 2388 praeclarissimum
730 2313 829 2391 atque
852 2306 1006 2390 optimum
1032 2305 1152 2368 teneris
1175 2301 1332 2368 ebibitum
1358 2304 1473 2370 animis
1500 2302 1588 2369 haud

182 2406 278 2472 facile
311 2406 470 2473 oblivione
504 2406 626 2473 aboleri
664 2409 815 2495 potuisse.
867 2418 964 2495 atque
998 2407 1173 2494 Apuleium
1210 2429 1352 2495 quoque,
1391 2430 1588 2494 quamquam

183 2513 309 2577 firmata
329 2514 393 2577 iam
416 2521 522 2578 aetate
542 2534 723 2578 sermonem
738 2515 890 2579 Latinum
913 2512 1081 2597 didicerat,
1103 2513 1227 2602 Vergili
1250 2513 1404 2581 lectorem
1427 2511 1587 2578 studiosis-

184 2619 299 2681 simum
325 2617 423 2682 fuisse
450 2617 607 2705 probatur
631 2620 771 2704 primum
797 2618 875 2684 locis
902 2618 1008 2684 multis
1035 2618 1078 2684 ab
1105 2641 1144 2684 eo
1171 2618 1285 2684 adlatis
1313 2617 1368 2706 (cf.
1384 2641 1416 2708 p.
1436 2617 1498 2683 142
1513 2617 1588 2710 sq),

182 2729 251 2785 tum
273 2719 326 2785 vel
348 2724 489 2788 maxime
512 2723 739 2788 imitationibus
763 2733 812 2788 sat
834 2709 980 2810 copiosis,
1007 2745 1090 2811 quae
1112 2723 1257 2789 inlibris
1280 2726 1348 2790 eius
1370 2725 1587 2790 inveniuntur.

182 2847 266 2912 quae
295 2848 348 2892 res
375 2828 454 2891 viris
483 2827 584 2893 doctis
614 2827 758 2894 nondum
787 2831 864 2894 satis
895 2831 1024 2916 cognita
1053 2851 1124 2894 esse
1151 2828 1297 2911 videtum
1328 2829 1468 2898 indicem
1498 2838 1586 2897 certe

181 2933 391 2996 imitationum
406 2932 677 3018 Vergilianarum,
693 2957 790 3021 quem
806 2933 1034 3000 Woldemarus
1050 2934 1202 3001 Ribbeck
1217 2936 1355 3000 confecit
1369 2956 1434 3002 non
1448 2931 1586 3018 amplius

181 3043 247 3100 tres
268 3035 355 3102 locos
377 3037 497 3124 Apulei
519 3041 682 3103 continere
705 3061 784 3103 sane
806 3041 939 3104 miratus
962 3063 1047 3125 sum3
1071 3050 1145 3104 sunt
1168 3042 1254 3106 enim
1275 3041 1323 3104 hi:

233 3197 297 3247 Met.
310 3198 325 3248 I
338 3200 368 3248 19
387 3197 456 3248 lenis
468 3199 567 3248 fluvius
579 3200 607 3249 in
619 3201 734 3265 speciem
749 3200 855 3266 paludis
961 3201 1027 3252 Aen.
1040 3201 1107 3253 VIII
1127 3199 1162 3252 88
1184 3202 1257 3252 mitis
1279 3205 1310 3252 ut
1331 3201 1360 3252 iu
1378 3214 1478 3252 morem
1495 3200 1585 3266 stagni

181 3285 295 3350 ignavus
312 3285 376 3335 ibat.
909 3288 1084 3355 placidaeque
1101 3287 1208 3354 paludis
1230 3293 1361 3340 sterneret
1377 3301 1478 3356 aequor
1498 3288 1584 3355 aquia

234 3373 298 3422 Met.
312 3373 336 3421 V
355 3374 369 3421 7
388 3388 469 3438 quam
487 3373 585 3440 lugetis
604 3373 705 3424 adsum.
962 3376 1027 3426 Aen.
1041 3377 1054 3426 1
1067 3377 1118 3426 090
1130 3391 1229 3439 coram,
1241 3391 1320 3442 quem
1332 3375 1469 3441 quaeritis,
1481 3374 1585 3428 adsum.

233 3461 297 3510 Met.
310 3461 334 3510 X
348 3462 363 3509 2
377 3460 430 3510 heu
443 3460 606 3512 medicorum
619 3462 729 3526 ignarae
741 3463 856 3513 mentes!
962 3463 1029 3513 Aen.
1041 3462 1096 3512 1111
1114 3465 1146 3512 65
1165 3462 1219 3514 heu
1236 3467 1328 3512 vatum
1345 3463 1456 3528 ignarae
1469 3461 1584 3512 mentes!

181 3547 334 3612 quidvenae
340 3547 439 3612 pulsus,
445 3548 508 3614 quid
515 3548 610 3598 caloris
616 3549 856 3614 intemperantia...
912 3548 977 3613 quid
994 3554 1057 3600 vota
1074 3548 1216 3610 furentem,
1234 3549 1298 3613 quid
1316 3548 1429 3600 delubra
1446 3550 1548 3598 iuvant.

286 3685 392 3766 Quam
413 3687 454 3751 ob
474 3709 543 3752 rem
562 3689 627 3753 iam
647 3686 690 3753 ad
710 3690 899 3754 imitationes
919 3687 989 3754 illas
1009 3687 1245 3757 enumerandas
1265 3686 1448 3774 adgrediar.
1486 3697 1583 3776 atque

181 3792 213 3854 in
232 3789 310 3854 locis
331 3792 533 3857 conferendis
550 3815 681 3880 operam
697 3793 792 3874 dabo,
812 3807 848 3859 ut
864 3796 959 3860 etiam
974 3794 1052 3859 alios
1067 3795 1166 3878 locos,
1186 3796 1240 3881 qui
1255 3793 1451 3881 Vergilianis
1466 3792 1584 3862 similes

181 3905 265 3979 sunt,
288 3895 459 3980 adponam,
491 3921 687 3985 quamquam
710 3922 749 3965 ea
771 3901 896 3964 ratione
918 3901 1169 3986 uniuscuiusque
1190 3899 1252 3964 loci
1275 3901 1341 3965 vim
1363 3897 1522 3986 probandi
1543 3921 1583 3966 ao

180 4000 399 4085 persuadendi
417 4003 562 4067 imminui
582 4003 665 4068 bene
686 4007 767 4087 acio3
789 4003 848 4069 sed
863 4006 925 4069 viri
940 4003 1114 4070 doctissimi
1128 4004 1165 4071 0.
1182 4005 1382 4091 Weymanni
1397 4003 1583 4090 exemplum

180 4103 257 4169 mihi
287 4106 488 4191 sequendum
519 4130 589 4172 esse
611 4112 733 4195 putavi,
764 4112 819 4196 qui
843 4109 884 4174 de
906 4109 969 4174 hac
991 4133 1027 4174 re
1051 4113 1180 4196 egregie
1205 4110 1356 4176 disseruit
1378 4107 1451 4173 Act.
1475 4106 1580 4176 Acad.

181 4209 309 4274 Monac.
323 4234 350 4274 a.
367 4210 449 4274 1893
465 4235 496 4276 v.
509 4213 553 4297 ΙΙ,
565 4235 594 4298 p.
608 4213 681 4277 322.
706 4237 783 4280 num
798 4217 895 4300 igitur
909 4237 946 4280 re
961 4239 1041 4280 vera
1057 4215 1202 4281 omnibus
1218 4214 1305 4297 locis,
1322 4236 1402 4300 quos
1416 4213 1512 4281 modo
1528 4211 1582 4280 ad·

180 4315 294 4399 feram,
310 4313 447 4401 Apuleio
463 4316 625 4402 Vergilius
641 4317 832 4384 obversatus
848 4322 898 4403 sit,
918 4342 1019 4406 penes
1034 4320 1171 4386 lectores
1187 4318 1328 4385 eruditos
1342 4317 1498 4385 iudicium
1512 4319 1581 4386 erit.

232 4473 458 4524 1101120111ιο
477 4476 614 4526 montium.
957 4479 1023 4529 Aen.
1036 4478 1103 4528 VIII
1120 4479 1169 4528 221
1195 4478 1280 4529 ardua
1304 4477 1413 4541 montis3
1437 4475 1580 4537 caveus,

905 4564 983 4615 Ovid.
1000 4566 1064 4615 Met.
1078 4566 1144 4615 VIII
1160 4567 1210 4616 692
1230 4564 1407 4616 Claudiamv
1426 4563 1466 4630 (iu
1483 4563 1545 4615 Rus.
1562 4561 1580 4613 l.

905 4651 943 4718 11)
962 4655 1011 4703 291
1027 4653 1112 4703 Tacit.
1125 4654 1194 4702 Hist.
1207 4652 1262 4701 IIII
1275 4653 1308 4700 70
1326 4650 1361 4717 (a.
1374 4648 1495 4716 Alpium)
1513 4650 1579 4700 Min.

904 4740 962 4791 Fel.
974 4741 1057 4803 17,1o
1070 4737 1183 4807 (Ηο1111),
1196 4739 1266 4792 Vict.
1275 4739 1378 4792 Viteus.
1391 4737 1405 4791 1
1417 4738 1433 4790 3
1443 4735 1580 4807 (Ρο10011.).
