3542 5059
1469 105 1609 211 '55

207 339 260 414 ita,
293 334 421 401 11ῒέπεί
448 335 535 399 idem
566 345 662 421 atque
692 340 752 420 γάρ
774 334 891 399 valeat.
937 335 1023 421 quod
1054 325 1162 400 autern
1189 337 1231 400 ad
1258 360 1371 401 versus
1399 338 1514 420 locum,
1546 360 1609 424 quo

207 438 280 506 ἕποι’
301 440 428 525 legitur,
457 440 589 523 adtinet,
617 463 689 503 eam
717 440 975 504 coniunctionem
1003 443 1148 526 exceptis
1175 440 1252 505 locis
1275 442 1372 505 Ther.
1390 440 1453 506 386
1481 452 1513 507 et
1535 443 1609 528 639,

208 546 324 631 quibus
344 554 415 631 post
435 546 573 630 primum
593 566 704 609 versus
724 543 912 608 trochaeum
929 546 1033 629 posita
1053 553 1110 629 est,
1134 554 1205 630 post
1225 568 1393 609 caesuram
1411 546 1609 611 trochaicam

207 652 387 714 invenimus
416 653 470 733 ita,
501 659 537 713 ut
567 651 767 713 enuntiatum
797 650 985 734 primarium
1015 649 1136 734 ubique
1165 650 1355 735 praecedat.
1394 672 1501 736 neque
1531 650 1609 715 illud

207 754 528 840 praetermittendum
552 763 600 818 est
624 754 838 819 coniunctioni
861 750 934 818 ἐπεί
949 756 982 817 vi
1006 754 1126 818 causali
1148 756 1323 819 instructae
1346 754 1395 818 bis
1418 754 1528 839 (Ther.
1546 755 1609 818 716

207 869 239 923 et
261 858 339 944 903)
362 859 512 923 voculam
539 861 587 944 ῥά,
616 860 742 922 notione
771 857 937 943 temporali
964 857 1131 943 praeditae
1158 858 1258 922 semel
1286 858 1395 944 (Ther.
1413 857 1491 945 285)
1514 862 1609 945 parti-

208 963 314 1028 culam
336 961 372 1028 τέ
383 964 409 1049 ¹)
433 964 595 1029 adiectam
619 984 699 1026 esse.

311 1069 445 1132 Praeter
466 1066 540 1133 ἐπεὶ
563 1068 742 1132 coniunctio
766 1064 915 1152 ollvrau2)
939 1070 1102 1132 enuntiato
1126 1067 1247 1131 causali
1269 1068 1456 1153 praefigitur
1478 1066 1531 1132 Al.
1543 1068 1606 1131 407

206 1170 382 1257 ἀπέστυγον
397 1168 517 1260 Ἀφρώ,
539 1171 543 1258 l
563 1166 664 1237 odrsa'
686 1170 904 1257 ἐριδμαίνεσκε
927 1180 1021 1259 χροῆς
1042 1175 1131 1257 ὕπερ,
1156 1173 1212 1260 ubi
1235 1173 1459 1258 imperfectum
1482 1172 1609 1259 syllaba

207 1299 284 1343 σκον
310 1286 442 1342 auctum
470 1276 510 1341 de
538 1300 574 1341 re
602 1286 746 1362 tempore
773 1278 947 1361 praeterito
975 1278 1103 1362 saepius
1125 1277 1212 1341 facta
1240 1277 1282 1342 ab
1306 1279 1422 1342 aoristo
1445 1280 1608 1343 narrativo

206 1392 317 1467 aptum
331 1381 533 1468 videmus-³)
557 1381 657 1446 altero
681 1390 789 1445 autem
811 1381 891 1464 Ιοοο,
916 1403 979 1467 quo
1003 1383 1114 1447 οόνεκο
1138 1391 1237 1459 extat,
1261 1404 1325 1446 non
1345 1384 1394 1447 vis
1417 1382 1554 1447 causalis
1576 1384 1609 1446 in

206 1486 268 1551 hac
291 1487 514 1551 coniunctione
537 1488 629 1571 inest,
658 1484 715 1550 sed
738 1487 939 1550 enuntiatum
962 1483 1194 1550 declarativum
1218 1486 1260 1561 ab
1285 1509 1323 1550 ea
1345 1488 1475 1572 incipit:
1511 1486 1607 1551 Ther.

206 1590 271 1654 484
286 1613 333 1677 sq.
356 1593 411 1655 τὸν
425 1588 484 1675 μέν
498 1586 528 1654 τ’
543 1588 625 1675 ἐρέει
633 1590 660 1675 4)
676 1594 781 1678 φάτις,
805 1585 906 1655 οὕνεκ’
922 1583 1034 1678 Ἀχαιν)
1055 1588 1059 1674 l
1080 1593 1230 1678 Δημήτηρ
1245 1585 1396 1677 ἔβλαψεν.
1440 1599 1608 1676 praeterea

207 1696 269 1760 duo
296 1704 418 1759 restant
444 1697 476 1759 in
500 1695 596 1759 Ther.
626 1696 789 1759 enuntiata
820 1694 1028 1777 declarativa,
1057 1717 1140 1780 quae
1167 1718 1187 1758 a
1214 1696 1436 1759 coniunctione
1463 1694 1541 1782 159⁶)
1564 1697 1608 1760 in·

205 1800 355 1886 cipientia
370 1800 558 1884 aoristisque
573 1800 745 1863 narrativis
761 1797 917 1862 instructa
932 1800 1124 1879 invenimus,
1140 1798 1237 1864 Ther.
1255 1798 1319 1863 344
1331 1799 1431 1886 sqq.⁶)
1457 1795 1609 1883 Ὠγύγιος

208 1900 237 1970 δ’
259 1904 320 1988 ἄρα
342 1908 448 1988 μῦθος
554 1909 711 1989 φορεῖται,
734 1901 738 1989 Ι
759 1903 802 1981 ὡς
907 1905 1006 1987 πόρον
1034 1912 1066 1967 et
1089 1901 1153 1966 835
1176 1903 1270 1987 λόγος
1291 1927 1326 1988 γε
1349 1902 1445 1990 psal)
1467 1903 1512 1983 ὥς
1532 1899 1609 1968 ποτ’

206 2005 380 2087 Ὀδυσσεὺς
399 2008 404 2093 1
424 2004 555 2096 ἔφθιτο.
601 2030 684 2093 quae
713 2008 856 2071 enuntiat
886 2006 912 2091 8)
948 2006 1034 2093 (dico
1063 2030 1111 2092 ea,
1138 2009 1172 2071 in
1200 2008 1317 2094 quibus
1343 2007 1537 2073 adfirmandi
1558 2009 1608 2072 vis

206 2114 302 2199 inest)
332 2136 397 2178 non
426 2121 493 2176 tam
523 2136 543 2183 a
568 2111 678 2176 verbis
708 2134 805 2197 quam
835 2134 854 2175 a
885 2111 1094 2176 substantivis
1125 2111 1256 2176 dicendi
1285 2115 1412 2177 notione
1445 2114 1608 2178 instructis

207 2219 326 2304 (μῦθος
347 2216 401 2283 vel
423 2214 530 2302 λόγος)
555 2216 750 2301 dependent.

311 2462 332 2529 1)
352 2463 384 2512 de
402 2461 541 2528 particulis
560 2458 624 2511 ἐπεί
638 2476 667 2510 τε
686 2460 783 2510 iunctis
802 2460 879 2511 ofz‘O.
894 2460 1039 2511 Schneider
1057 2460 1091 2509 ad
1109 2460 1135 2511 h.
1147 2460 1165 2509 1.

310 2547 332 2614 ²)
351 2550 418 2599 haec
437 2549 590 2599 coniunctio
604 2548 683 2597 Ther.
697 2549 748 2596 484
764 2548 896 2611 quintum,
914 2547 955 2596 Al.
968 2549 1019 2596 407
1037 2549 1152 2613 primum
1169 2563 1262 2599 versus
1279 2548 1374 2613 pedem
1393 2550 1503 2599 obtinet.
1539 2551 1610 2614 quod

205 2639 239 2689 de
263 2638 451 2687 coniunctione
473 2638 509 2692 ὡς
532 2650 639 2699 quoque
661 2634 742 2696 valet,
767 2650 835 2699 quae
857 2635 937 2685 Ther.
955 2636 1006 2684 344
1029 2636 1058 2685 in
1075 2636 1169 2701 primo,
1193 2635 1243 2685 835
1266 2637 1296 2685 in
1314 2638 1406 2700 quinto
1424 2652 1517 2687 versus
1539 2638 1607 2703 pede

206 2726 336 2776 collocata
354 2729 404 2774 est.

308 2809 330 2878 ⁸)
348 2811 420 2861 hunc
437 2810 526 2860 locum
539 2809 667 2859 Nicandri
685 2808 859 2875 interpolator
877 2809 998 2859 imitatus
1015 2814 1056 2859 est
1067 2808 1109 2859 Al.
1123 2810 1174 2859 620
1192 2809 1295 2877 στέφος
1313 2807 1364 2877 οὐχ
1381 2808 1514 2862 ὑπέδεκτο
1531 2813 1536 2877 Ι
1552 2849 1609 2875 ...,

204 2899 303 2952 οὕνεκα
322 2898 433 2967 Κύπριν
452 2937 498 2949 ...
517 2896 664 2964 κόσμησεν,
683 2896 716 2947 de
734 2913 787 2962 quo
805 2896 863 2947 loco
882 2898 972 2962 spurio
990 2896 1023 2946 cl.
1037 2896 1068 2946 Ο.
1081 2896 1228 2947 Schneider
1245 2897 1365 2963 prolegg.
1384 2915 1409 2963 p.
1424 2902 1472 2949 157
1485 2916 1524 2964 sq.

308 2986 329 3053 ⁴)
348 3003 399 3052 quo
416 2986 475 3036 loco
494 2983 564 3053 ἐρέει
583 2992 673 3049 (quarn
691 2985 801 3037 formam
820 2988 900 3050 poeta
918 2999 965 3049 pro
985 2984 1073 3034 tuturo
1092 2984 1215 3034 adhibuit
1233 2985 1313 3035 Ther.
1326 2988 1388 3049 6363
1408 2985 1440 3035 ct.
1454 2986 1533 3037 Ther.
1546 2987 1608 3054 528)

205 3092 258 3126 non
277 3075 370 3135 futuri,
389 3075 435 3124 sed
453 3074 602 3139 praesentis
620 3074 680 3122 vice
698 3072 774 3138 fungi
792 3072 906 3122 videtur.
943 3087 1023 3137 quam
1041 3071 1075 3121 ad
1093 3087 1149 3121 rem
1168 3072 1303 3123 Nicander
1320 3073 1431 3123 fortasse
1449 3074 1608 3136 locisA62,
1664 3084 1669 3090 ’

203 3169 236 3213 Η
246 3165 304 3225 128,
323 3159 412 3221 6192,
431 3162 519 3221 1229,
538 3162 605 3229 φ31
626 3160 687 3209 aliis
707 3159 836 3209 adductus
855 3164 903 3221 est,
931 3175 1092 3224 quamquam
1110 3160 1152 3209 his
1171 3160 1236 3210 locis
1259 3162 1288 3210 iu
1312 3160 1398 3228 ἐρέειν
1423 3177 1476 3211 non
1494 3162 1609 3225 dicendi,

203 3250 249 3301 sed
273 3248 464 3315 percunctandi
487 3249 542 3296 vim
565 3249 653 3298 inesse
676 3246 806 3297 videmus.
843 3248 941 3297 rectius
964 3254 1054 3297 antem
1077 3251 1195 3298 statuere
1216 3264 1293 3313 posse
1320 3250 1397 3299 nobis
1419 3249 1541 3299 videmur
1563 3250 1609 3299 Ni·

203 3338 330 3389 candrum
349 3336 435 3386 locum
455 3353 475 3385 π
488 3337 539 3385 378
557 3333 626 3402 ἐρέει
644 3331 669 3384 d'
682 3333 712 3385 ἐν
728 3339 814 3386 πᾶσιν
827 3333 955 3398 ἀναστάς,
971 3334 975 3398 Ι
991 3333 1089 3388 οὕνεκά
1108 3336 1137 3385 οἱ
1151 3334 1243 3403 φόνον
1256 3338 1342 3387 αἰπὺν
1354 3334 1512 3404 ἐράπτομεν
1530 3335 1609 3402 (adde

203 3428 273 3487 ο42,
291 3442 311 3475 π
325 3422 387 3488 330)
406 3425 540 3474 imitatum
560 3406 625 3484 esse,
645 3423 715 3487 quod
734 3424 815 3472 etiam
834 3439 884 3473 usu
903 3424 1098 3473 coniunctionis
1116 3421 1215 3473 οὕνεκα
1234 3423 1370 3489 probatur,
1389 3439 1460 3488 quae
1477 3426 1506 3473 in
1525 3439 1609 3474 enun-

202 3515 275 3563 tiatis
293 3512 464 3562 declarativis
482 3511 616 3564 rarissime
635 3511 668 3559 ab
688 3511 805 3567 Homero
824 3510 967 3560 adhibetur
986 3509 1025 3575 (in
1043 3510 1129 3559 Iliade
1147 3511 1230 3560 semel
1248 3516 1352 3560 tantum
1371 3515 1402 3561 A
1414 3514 1447 3560 21
1467 3516 1494 3561 et
1517 3513 1609 3576 paucis

202 3601 332 3666 Odyssiae
351 3600 416 3650 locis
435 3615 446 3649 ε
466 3600 524 3658 216,
543 3615 559 3661 η
576 3599 636 3659 300,
655 3599 743 3658 ν309,
762 3615 778 3647 ο
791 3600 832 3659 42,
851 3615 871 3647 π
885 3600 944 3658 330,
963 3599 1027 3661 379;
1051 3601 1190 3663 praeterea
1211 3599 1244 3648 cf.
1264 3597 1289 3649 h.
1308 3599 1386 3647 Hom.
1406 3600 1434 3647 in
1452 3597 1539 3663 Apoll.
1557 3599 1608 3647 376

202 3702 354 3753 paucosque
367 3684 505 3751 Sophoclis
517 3685 601 3735 locos:
620 3684 690 3735 Phil.
704 3686 764 3745 232,
777 3685 837 3748 839,
855 3685 921 3735 Oed.
934 3685 966 3733 R.
981 3685 1040 3746 708,
1058 3684 1123 3734 Oed.
1137 3685 1193 3735 eol.
1207 3686 1249 3746 34,
1264 3686 1339 3746 1395,
1356 3685 1399 3734 ΕΙ.
1411 3685 1487 3744 1478,
1499 3685 1543 3734 Tr.
1557 3686 1609 3735 934

202 3780 229 3827 et
246 3776 309 3825 vide
331 3774 460 3823 Kuehner
478 3774 505 3822 II
523 3770 628 3837 875f6);
652 3772 685 3821 cf.
704 3778 844 3837 praeterea
861 3772 904 3822 Al.
919 3774 967 3821 167
985 3771 1033 3821 καὶ
1050 3770 1160 3837 πότμον
1178 3770 1295 3834 ἐπισπεῖ,
1319 3788 1370 3837 quo
1394 3772 1451 3823 loco
1474 3772 1608 3822 Nicander

202 3879 235 3913 ex
252 3861 411 3927 quibusdam
428 3860 518 3910 formis
530 3859 606 3909 verbi
624 3857 738 3926 ἐφέπειν
754 3860 783 3909 111
801 3858 916 3910 formula
933 3860 994 3909 trita
1011 3857 1122 3926 πότμον
1139 3857 1264 3909 ἐπισπεῖν
1284 3858 1371 3926 (γ16;
1391 3863 1417 3909 Β
1429 3861 1488 3919 359,
1509 3859 1608 3920 0495;

200 3952 295 4013 625ος
316 3946 402 4013 1308)
428 3962 553 4013 praesens
572 3944 685 3997 ἐπισπεῑ
699 3945 784 4008 finxit,
804 3945 883 4011 idque
903 3961 987 4011 genus
1005 3946 1041 3996 ul.

304 4032 327 4102 ὓ)
345 4036 380 4093 ὡς
398 4036 535 4085 notionem
548 4034 739 4085 declarativam
758 4036 851 4100 paucis
870 4040 975 4085 tantum
988 4034 1053 4085 locis
1066 4035 1217 4084 Homericis
1236 4034 1354 4085 induisse
1371 4034 1489 4085 videtur:
1507 4038 1536 4084 A
1549 4036 1609 4095 110,

202 4129 234 4175 H
242 4126 302 4188 402,
321 4125 351 4174 Κ
362 4124 421 4184 160,
439 4131 462 4189 ψ
475 4124 518 4183 60,
535 4121 562 4172 h.
575 4122 654 4172 Hom.
666 4122 733 4173 Ven.
748 4124 806 4173 214.

304 4209 326 4276 ⁶)
345 4210 411 4260 locis
429 4210 507 4260 Ther.
521 4210 572 4259 344
591 4214 619 4259 et
635 4210 688 4259 484
706 4212 846 4260 enuntiata
864 4209 1023 4259 secundaria
1040 4213 1198 4260 coacervata
1216 4209 1299 4260 vides.

305 4296 326 4365 ⁷)
345 4298 379 4348 cf.
402 4298 490 4348 locum
514 4297 641 4347 Arateum
665 4296 727 4364 (100
740 4295 799 4363 sq.)‚
826 4312 907 4362 quem
929 4298 1092 4347 Nicandrum
1120 4298 1255 4347 imitatum
1273 4312 1340 4346 ‘esse
1362 4297 1420 4346 veri
1442 4296 1530 4347 simile
1553 4302 1606 4348 est:

201 4386 286 4453 λόγος
304 4402 335 4454 γε
353 4384 408 4452 μὲν
427 4384 548 4453 ἐντρέχει
566 4385 665 4449 ἄλλος)
682 4383 847 4453 ἀνθρώποις,
866 4386 902 4441 ὡς
921 4382 1006 4449 δῆθεν
1026 4382 1172 4451 ἔπιχθονίη
1191 4382 1279 4450 πάρος
1296 4382 1352 4447 ἦεν.

304 4473 325 4539 ⁸)
345 4474 484 4525 enuntiata
496 4470 594 4524 οὕνεκα
614 4479 641 4523 et
659 4474 693 4529 ὡς
712 4474 841 4523 instructa
859 4474 1013 4534 enuntiatis,
1032 4489 1048 4523 a
1066 4473 1163 4538 quibus
1182 4473 1308 4539 pendent,
1327 4488 1431 4538 semper
1448 4472 1603 4523 succedunt.

200 4562 250 4613 hoc
271 4562 331 4613 loco
353 4560 577 4628 praetereundum
599 4576 652 4610 non
674 4560 781 4611 videtur
803 4561 846 4611 ὅτι
868 4560 907 4626 (et
925 4560 1031 4611 causale
1050 4566 1077 4611 et
1095 4557 1299 4625 declarativum)
1322 4574 1339 4609 a
1357 4560 1494 4610 Theriacis
1511 4560 1602 4611 Alexi-

201 4649 405 4715 pharmacisque
423 4649 503 4714 plane
521 4648 623 4699 abesse.

287 4773 302 4991 1
