3542 5059
237 197 280 261 54

237 410 335 474 quam
358 396 551 451 structuram
574 398 609 453 ut
631 386 801 451 adhiberet
822 398 917 472 poeta
939 388 1017 451 locis
1041 390 1221 452 Homericis
1244 389 1343 453 veluti
1361 394 1398 454 H
1410 387 1532 475 339J40
1554 390 1588 453 ἐν
1608 385 1638 455 d'

237 496 363 560 αὐτοῖσι
381 493 485 571 σύλας
503 494 681 580 ποιήσομεν
703 489 738 555 εὖ
759 490 921 577 ἀραρυίας,
941 491 946 577 )
966 491 1051 580 άφρα
1074 488 1117 557 δι’
1133 496 1260 559 αι’·ιάων
1282 488 1464 580 ἱππηλασίη
1485 493 1560 572 ὁδὸς
1578 492 1637 580 εἴη,

240 602 273 663 Ψ
285 597 349 662 486
367 596 481 680 ’ίστορα
497 594 630 682 θείομεν
653 648 660 661 .
679 648 685 661 .
703 647 722 681 .,
744 596 797 663 ἵνα
812 595 927 685 χνοίης,
948 622 966 682 ρ
981 596 1046 662 250
1062 596 1128 674 άξω
1143 594 1211 686 τῆλ’
1224 594 1365 684 Ἰθάκης,
1387 598 1440 663 ἵνα
1455 621 1513 682 μοι
1526 597 1639 681 βίοτον

236 703 337 768 πολὺν
358 702 457 791 άλφοι
480 702 639 768 adductus
663 712 711 766 est
733 700 788 787 (cf.
809 701 1114 787 Kuehner11221,
1136 703 1165 787 7,
1189 703 1341 789 Krueger
1362 703 1415 768 Di.
1437 703 1524 786 §54,
1546 702 1576 787 8,
1593 703 1636 783 3).

341 807 430 873 Sicut
452 810 484 871 in
505 809 728 872 coniunctione
748 804 833 894 άφρα
852 809 919 871 vim
934 808 1144 892 temporalem
1164 818 1196 871 et
1215 808 1345 873 finalem
1364 810 1469 872 inesse
1489 807 1637 892 vidimuS,

237 914 280 975 ita
303 908 376 975 ἐπεί
399 909 518 996 duplici
533 913 566 975 vi
588 912 780 974 instructum
802 913 975 994 invenitur,
1000 920 1033 975 et
1053 911 1221 997 temporah
1245 920 1276 975 et
1292 912 1422 976 causali.
1467 913 1521 977 illa
1543 914 1639 997 igitur

237 1016 396 1101 reperitur
417 1013 494 1078 locis
517 1014 614 1079 Ther.
636 1013 736 1099 133,1)
753 1012 826 1097 285,
847 1014 922 1098 905,
954 1015 1071 1099 quibus
1098 1015 1219 1080 addam
1241 1016 1339 1081 Ther.
1356 1015 1420 1079 926
1449 1022 1639 1105 χραισμήσει

237 1117 433 1206 τημοῦτοςΞ)
456 1119 538 1205 dcclv
553 1122 674 1206 σφυρὸν
692 1120 712 1206 ἢ
734 1116 810 1205 χέρα
826 1118 953 1208 κάψηά)
975 1120 1058 1184 haec
1080 1120 1158 1184 locis
1174 1120 1272 1185 Ther.
1290 1120 1364 1201 386,
1384 1121 1458 1205 639,
1475 1121 1548 1206 716,
1565 1122 1638 1206 823,

238 1223 312 1307 903,
328 1222 379 1287 ΑΙ.
397 1221 478 1309 384)
512 1225 545 1286 in
566 1223 680 1309 quihus
697 1225 878 1307 enuntiatis
904 1234 1040 1309 excepto
1055 1248 1086 1290 v.
1104 1224 1199 1290 Ther.
1217 1224 1290 1309 926,
1314 1224 1507 1291 indicativus
1523 1228 1640 1313 legitur

237 1332 328 1415 isque
351 1330 459 1391 aoristi
477 1330 616 1412 gnomici
636 1327 730 1393 modo
750 1328 792 1393 ab
813 1329 958 1394 eiusdem
981 1332 1108 1416 generis
1129 1333 1245 1395 aoristo
1269 1331 1379 1416 (Ther.
1401 1333 1462 1397 133
1478 1343 1510 1397 et
1524 1330 1588 1397 285
1597 1332 1638 1420 5))

238 1432 333 1497 modo
356 1456 375 1497 a
399 1432 598 1497 substantivo
622 1432 686 1517 (Al.
703 1431 770 1519 38),
798 1433 883 1519 quod
912 1437 1093 1499 accuratius
1121 1435 1301 1521 explicetur
1326 1460 1460 1502 necesse
1488 1448 1546 1522 est,
1573 1441 1640 1524 apti

238 1536 291 1601 vel
309 1536 446 1623 perfecti
469 1535 579 1621 (Ther.
597 1536 670 1620 386,
694 1538 750 1602 uhi
770 1540 969 1602 enuntiatum
990 1539 1032 1603 ad
1052 1538 1247 1604 adiectivum
1267 1544 1413 1625 μάσσονα
1432 1542 1640 1607 referendum

238 1640 299 1728 est)
326 1641 380 1707 vel
407 1644 586 1727 praesentis
614 1640 725 1727 (Ther.
743 1641 821 1728 639)
849 1645 926 1707 item
953 1643 996 1707 ad
1023 1643 1219 1709 adiectivum
1248 1650 1423 1731 spectantis
1448 1648 1501 1711 vel
1531 1650 1640 1711 aoristi

237 1747 378 1811 historici
413 1745 523 1831 (Ther.
548 1745 611 1810 903
635 1755 667 1810 et
690 1746 777 1833 905).
823 1756 993 1833 praeterea
1029 1748 1207 1814 notandum
1240 1750 1368 1815 videtur
1402 1750 1527 1817 duobus
1561 1752 1639 1816 locis

239 1850 335 1916 Ther.
354 1851 416 1915 716
440 1849 516 1936 (quo
539 1850 734 1936 perfectum)
758 1859 790 1915 et
813 1850 876 1916 823
904 1851 981 1938 (quo
1004 1856 1138 1917 acristus
1160 1858 1327 1939 gnomicus
1351 1857 1452 1942 extat)
1476 1860 1640 1922 enuntiata

239 1955 359 2020 causah
382 1953 455 2021 ἒντεί
477 1954 625 2019 incohata
648 1977 748 2041 prope
771 1958 803 2019 in
824 1958 985 2021 notionem
1006 1961 1241 2024 enuntiatorum
1264 1962 1487 2047 primariorum
1498 1961 1524 2049 ⁶)
1548 1962 1638 2025 abire

342 2163 364 2231 ¹)
384 2182 436 2230 quo
453 2165 510 2215 loco
528 2166 666 2215 enuntiato
683 2167 716 2216 ab
736 2165 799 2217 ἐττεί
814 2167 962 2232 incipiente
979 2168 1048 2218 nihil
1060 2170 1112 2218 nisi
1130 2171 1280 2220 accuratior
1292 2172 1434 2223 verborum
1451 2171 1542 2236 λώβην
1557 2188 1640 2239 μετε-

241 2257 342 2305 κίαθον
360 2254 503 2319 explicatio
523 2254 681 2314 continetur,
701 2254 770 2318 quod
790 2253 900 2305 deloco
919 2271 1024 2321 quoque
1043 2258 1122 2307 Ther.
1136 2258 1187 2307 905
1205 2256 1286 2322 valet,
1305 2275 1357 2323 quo
1376 2260 1465 2310 verbis
1483 2259 1543 2310 ἐπεὶ
1560 2259 1639 2317 σόλος

238 2338 340 2407 ἔμττεσε
358 2340 441 2409 κόρση
460 2379 516 2404 .,.,
534 2342 635 2392 νέατον
653 2338 679 2390 ‹l’
692 2343 773 2409 ἢραξε
791 2340 925 2409 κάλυμμα
944 2344 1105 2407 praecedens
1123 2341 1185 2394 ἔκτα
1209 2345 1358 2411 explicatur
1380 2351 1461 2411 atque
1482 2346 1638 2398 illustratur.

237 2446 281 2479 vv.
295 2429 374 2482 Ther.
387 2430 438 2478 903
451 2444 506 2493 sqq.
526 2444 586 2478 curn
599 2429 632 2478 ob
652 2444 711 2479 eam
729 2444 785 2478 rem
803 2435 860 2480 tum
878 2437 987 2495 propter
1004 2433 1219 2483 coniunctionem
1238 2434 1360 2483 iteratam
1379 2436 1522 2485 maximam
1540 2435 1641 2485 habent

239 2516 442 2566 similitudinem
461 2532 522 2565 curn
540 2533 584 2566 vv.
597 2516 678 2566 Ther.
689 2518 741 2566 484
754 2533 809 2582 sqq.

243 2630 245 2635 .
342 2600 364 2668 2)
384 2602 455 2668 quod
473 2602 630 2653 adverbium
649 2604 785 2654 Nicander
803 2606 837 2655 ab
856 2605 974 2655 Hesiodo
994 2604 1073 2671 (Opp.
1088 2605 1150 2672 576)
1169 2612 1305 2657 mutuatus
1324 2612 1372 2658 est.

342 2686 364 2754 ³)
384 2689 417 2739 cf.
431 2690 502 2740 locos
521 2691 677 2741 Homericos
696 2693 720 2740 Δ
733 2694 792 2753 239,
813 2693 908 2753 0147,
931 2694 1000 2759 μ55
1020 2693 1063 2759 (de
1082 2696 1188 2744 actione
1206 2696 1288 2745 semel
1307 2697 1378 2745 facta
1396 2712 1413 2745 a
1431 2696 1526 2746 futuris
1544 2696 1639 2762 aptos),

239 2782 265 2829 Z
276 2778 335 2839 489,
352 2776 431 2827 1192
452 2776 496 2845 (de
515 2777 677 2845 reiterata).
714 2779 784 2843 quod
803 2779 833 2830 0.
847 2780 994 2831 Schneider
1011 2781 1045 2832 ad
1064 2781 1136 2831 hunc
1154 2781 1242 2831 locum
1260 2782 1409 2833 adnotavit:
1438 2780 1519 2854 ‘adep
1537 2790 1577 2833 est
1594 2801 1641 2850 pro

239 2864 350 2932 κόφηαι,
373 2864 443 2929 quod
461 2870 570 2931 propter
588 2866 620 2932 (Ι.
634 2864 677 2933 G.)
697 2866 887 2917 Schneiderum
907 2864 1018 2931 moneo’,
1037 2871 1084 2933 qui
1103 2886 1156 2919 cur.
1176 2876 1242 2934 post.
1262 2887 1286 2934 p.
1300 2872 1349 2919 271
1370 2871 1449 2921 dixit:
1467 2866 1510 2920 ‘ad
1529 2873 1640 2922 verbum

239 2940 313 3016 ἐπὴν
326 2952 398 3021 κάψη
420 2952 495 3003 deest
513 2969 609 3003 nomen
627 2955 730 3004 bestiae
747 2952 914 3017 venenatae',
936 2972 997 3006 cum
1020 2972 1052 3007 eo
1074 2956 1213 3021 refellitur,
1232 2957 1303 3021 quod
1320 2962 1377 3007 tum
1395 2975 1448 3008 non
1466 2958 1577 3025 κόψηαι,
1594 2959 1641 3009 sed

238 3042 373 3105 passivum
400 3046 484 3109 κοπῇς
506 3040 549 3091 vel
572 3040 659 3111 κόπτη
686 3046 849 3105 expectatur,
878 3047 934 3091 tum
962 3043 1020 3094 loco
1043 3045 1178 3095 simillimo
1201 3045 1280 3094 Ther.
1303 3047 1330 3095 6:
1359 3036 1419 3096 εὖτε
1503 3048 1572 3115 βάλη
1595 3042 1641 3097 ἔτι

239 3127 336 3194 λοιγὸν
355 3125 465 3178 ὀδόντα.

343 3212 366 3279 ⁴)
385 3215 435 3264 hoc
453 3230 507 3264 unc
525 3214 567 3265 Al.
581 3214 639 3264 loco
659 3212 722 3265 ἐττεί
737 3214 843 3280 legitur.

342 3299 364 3367 ⁶)
383 3302 567 3367 imperfectum
581 3300 689 3368 ἔχεσκεν
703 3304 766 3352 satis
783 3305 879 3353 mirum
899 3310 946 3353 est.
971 3304 1081 3354 offendit
1098 3306 1127 3354 in
1146 3321 1177 3355 ec
1196 3307 1249 3355 iam
1262 3307 1346 3356 Lehrs
1365 3307 1483 3373 (Quaest.
1496 3324 1537 3373 ep.
1550 3326 1576 3373 p.
1589 3311 1640 3358 294

239 3388 321 3455 adn),
334 3391 380 3455 qui
392 3390 456 3439 Hes.
470 3390 568 3455 Theog.
585 3392 617 3439 10
630 3396 657 3439 et
669 3392 719 3439 269
733 3392 908 3455 comparavit3
922 3392 953 3441 Ο.
967 3392 1113 3443 Schneider
1125 3397 1214 3442 autern
1228 3393 1315 3443 locum
1329 3395 1354 3444 h.
1367 3396 1445 3444 Hom.
1458 3395 1545 3460 Apoll.
1559 3398 1640 3461 tsqq.

239 3476 344 3538 adtulit,
367 3493 420 3541 quo
443 3473 574 3528 ‘similiter
595 3479 624 3527 in
648 3494 676 3527 re
698 3476 756 3527 fieri
780 3478 858 3528 solita
881 3494 898 3528 a
920 3482 1054 3545 praesenti
1077 3485 1196 3546 tempore
1214 3481 1247 3530 ad
1266 3482 1451 3546 imperfectum
1469 3489 1496 3533 et
1514 3475 1640 3533 aoris'tum

238 3566 365 3615 transitus
383 3561 440 3614 est'
475 3566 540 3614 mihi
560 3565 665 3631 quidem
685 3567 818 3632 cognatio,
840 3582 909 3631 quae
928 3568 999 3617 inter
1016 3569 1144 3618 acristum
1162 3570 1313 3634 gnomicum
1332 3569 1365 3618 de
1384 3570 1462 3620 rebus
1480 3569 1538 3619 fieri
1556 3570 1641 3620 solitis

239 3658 395 3717 usurpatum
414 3657 441 3702 et
459 3653 643 3717 imperfectum
662 3652 768 3717 syllaba
786 3666 852 3704 σκον
870 3656 1028 3704 instructum
1040 3656 1182 3706 intercedit
1194 3656 1233 3723 (in
1246 3658 1322 3706 cuius
1334 3657 1422 3706 locum
1435 3659 1515 3707 etiarn
1527 3660 1641 3708 acristus

238 3738 333 3789 suffixo
352 3751 418 3789 σκον
437 3740 580 3789 instructus
597 3741 740 3790 succedere
758 3746 857 3805 potest,
877 3741 910 3791 cf.
928 3742 1049 3808 Krucger
1066 3744 1109 3791 Di.
1130 3746 1202 3806 §32‚
1221 3745 1245 3805 1,
1263 3744 1392 3793 Kuehner
1409 3743 1436 3793 ΙΙ
1456 3747 1505 3794 139
1523 3745 1584 3795 adn.
1602 3744 1639 3810 3),

239 3841 320 3876 causa
332 3827 413 3876 fuisse
425 3826 539 3887 videtur,
558 3842 604 3877 cur
617 3827 751 3877 Nicander
763 3825 871 3893 ’ἔχεσκεν
885 3828 978 3878 eodem
991 3846 1070 3879 sensu
1082 3836 1163 3894 atque
1176 3832 1303 3880 acristum
1315 3833 1467 3897 gnomicum
1479 3831 1641 3894 adhibuerit,

239 3913 309 3979 qued
328 3912 437 3963 deloco
456 3929 561 3978 quoque
579 3914 619 3964 Al.
635 3916 684 3963 583
704 3915 784 3977 valet,
807 3932 859 3979 quc
882 3917 988 3967 τέλεσκε
1007 3922 1080 3978 extat
1103 3917 1147 3983 (cf.
1162 3918 1192 3967 0.
1206 3918 1362 3969 Schneideri
1385 3919 1584 3970 adnotationem
1607 3920 1641 3969 ad

238 4001 264 4051 h.
283 4001 301 4051 l.
320 4007 347 4051 et
365 4000 483 4066 prolegg.
502 4018 527 4065 p.
546 4000 598 4067 96).
628 4006 767 4067 praeterea
785 4003 903 4053 notanda
925 4010 988 4054 sunt
1009 4005 1166 4070 imperfecta
1188 4004 1262 4073 ἐφίει
1281 4005 1370 4072 (Ther.
1384 4009 1447 4072 408,
1466 4008 1500 4057 de
1518 4022 1641 4057 mensura

239 4088 312 4156 ἐφίει
330 4089 363 4138 cf.
376 4087 465 4138 locum
487 4089 509 4138 Ο
522 4088 592 4154 444),
612 4088 684 4147 ἕζετο
699 4089 750 4155 (Al.
766 4088 834 4155 123),
853 4088 969 4158 ἔτρεφεν
988 4091 1078 4158 (Ther.
1093 4094 1312 4160 messalam,
1331 4095 1364 4145 cf.
1384 4100 1477 4145 contra
1488 4094 1567 4145 Ther.
1581 4095 1642 4156 388,

239 4176 298 4236 607,
311 4176 370 4235 884,
384 4176 443 4236 888,
461 4175 502 4224 Al.
517 4177 581 4240 549,
600 4178 674 4226 cuius
693 4194 756 4226 usus
775 4193 856 4227 causa
874 4178 956 4229 fuisse
969 4180 1094 4229 videntur
1112 4180 1163 4229 loci
1176 4181 1322 4242 Homerici,
1340 4182 1437 4246 quihus
1455 4181 1641 4247 imperfectum

238 4258 336 4329 ἔτρεφε
356 4262 462 4329 legitur,
481 4263 566 4313 veluti
585 4269 612 4313 A
624 4266 683 4325 414,
703 4269 730 4315 Ζ
740 4266 797 4325 282,
817 4270 846 4315 Χ
858 4268 900 4327 69,
913 4268 975 4328 421,
992 4282 1005 4316 ε
1020 4269 1078 4327 135,
1096 4284 1112 4329 η
1127 4269 1166 4327 12,
1180 4270 1240 4331 256,
1259 4267 1357 4333 τ354),
1375 4269 1438 4331 alia,
1456 4286 1569 4333 quorum
1582 4270 1641 4319 loco

239 4365 364 4415 praesens
386 4351 431 4401 vel
454 4352 580 4401 aoristum
603 4354 754 4417 gnomicum
779 4359 917 4419 expectes,
941 4360 1034 4404 contra
1051 4356 1164 4404 acristus
1182 4356 1334 4405 narrativus
1351 4356 1501 4421 imperfecti
1518 4356 1578 4407 loco
1597 4373 1642 4407 ex-

239 4442 361 4501 pectatur
373 4437 451 4489 Ther.
466 4440 516 4487 688
530 4444 557 4489 et
569 4439 609 4488 Al.
624 4442 687 4505 200,
706 4440 738 4489 cf.
753 4440 882 4491 Kuehner
894 4442 921 4490 Π
939 4444 997 4505 123,
1015 4444 1040 4503 9,
1059 4443 1179 4508 Krueger
1191 4444 1234 4493 Di.
1248 4446 1263 4505 ξ
1277 4444 1318 4504 53,
1332 4446 1356 4492 2.
1375 4448 1403 4493 at
1420 4446 1478 4494 iure
1497 4445 1557 4495 aliis
1576 4445 1641 4496 locis

238 4525 395 4589 imperfecta
417 4527 503 4590 posita
526 4541 584 4575 esse
606 4527 739 4591 videntur,
758 4527 843 4578 veluti
862 4529 942 4579 Ther.
956 4531 1007 4578 349
1017 4546 1082 4594 sqq,
1101 4545 1153 4593 quo
1172 4530 1229 4580 loco
1248 4531 1390 4595 descriptio
1408 4537 1490 4596 atque
1508 4535 1642 4583 enarratio

239 4613 399 4673 continetur,
417 4628 486 4677 quae
505 4614 601 4663 aoristo
621 4614 780 4677 άττανήνατο
799 4614 891 4665 finitur
908 4624 990 4681 atque
1008 4618 1168 4682 absolvitur3
1188 4617 1221 4670 ci.
1234 4618 1362 4669 Kuehner
1379 4620 1406 4668 II
1426 4622 1484 4683 123,
1503 4622 1518 4669 2

343 4698 364 4767 ⁰)
384 4699 416 4749 cf.
431 4705 458 4750 A
473 4703 530 4761 119,
546 4702 603 4765 153,
624 4706 647 4751 Γ
658 4704 716 4763 214,
737 4708 755 4753 Ι
767 4704 825 4765 418,
845 4706 930 4769 ι352,
950 4704 1011 4755 vide
1025 4706 1153 4756 Kuehner
1164 4706 1191 4754 II
1204 4707 1254 4754 964
1273 4707 1333 4755 adn.
1349 4710 1370 4756 1.
