3542 5059
1508 175 1549 239 41

152 376 217 434 τῶν
237 368 310 455 ἤτοι
333 366 443 451 (Ther.
465 365 535 449 118,
554 366 627 449 219,
645 366 717 450 264,
735 367 807 449 771,
824 367 875 432 ΑΙ.
893 368 967 453 474,
983 368 1071 454 570).
1117 379 1287 454 praeterea
1308 370 1386 433 locis
1406 369 1501 435 Ther.
1519 370 1549 454 8,

155 474 225 555 121,
243 471 317 555 620,
341 471 392 535 Al.
412 471 451 533 12
474 473 544 557 ἤτοι
568 494 641 536 cum
664 471 746 537 olio
770 474 975 537 coniunctum
991 468 1075 559 (ἀλλ’
1089 473 1174 563 drot)
1185 473 1210 560 1)
1231 483 1329 538 extat.
1353 474 1415 538 loci
1431 486 1550 557 autem,

153 578 270 663 quibus
292 579 364 665 ἤτοι
386 598 514 640 versum
539 576 691 641 incohare
713 576 870 661 videmus,
898 581 942 641 ita
965 587 1039 642 sunt
1061 580 1246 663 comparati,
1274 588 1309 643 ut
1335 588 1391 644 aut
1412 578 1454 643 ab
1478 581 1551 666 ἢτοι

154 685 354 747 enuntiatum
377 684 562 766 primarium
582 683 713 766 incipiat
736 676 847 768 (Ther.
869 681 973 769 2122)
997 683 1100 770 260,³)
1123 683 1196 767 275,
1216 683 1321 769 441,4)
1347 684 1411 748 509
1421 683 1472 771 ὑ)),
1496 695 1552 749 aut

153 797 226 875 post
246 788 319 875 ἢτοι
343 788 541 851 enuntiatum
563 786 739 871 temporale
762 790 945 851 inveniatur
968 788 1078 874 (Ther.
1095 787 1159 851 469
1182 788 1308 873 11524,
1336 789 1452 875 quibus
1474 790 1551 854 loeis

154 896 226 979 ἢτοι
257 890 319 972 ὅτε,
344 892 439 955 Ther.
461 892 526 955 424
553 892 679 975 11703,
708 892 825 978 quibus
852 895 925 980 ἢτοι
952 894 1029 959 ὅταν
1054 892 1193 979 legitur).
1240 916 1303 958 uno
1331 903 1455 959 tantum
1482 894 1551 958 loco

155 998 265 1085 (Ther.
283 996 361 1082 336)
385 998 457 1084 ἤτοι
481 1000 627 1083 quintum
649 1019 764 1061 versus
787 998 905 1083 pedem
928 998 1111 1085 occupati)
1371 1057 1373 1061 .

258 1104 332 1167 Uno
354 1100 423 1167 loco
447 1107 509 1188 μάν
532 1103 648 1189 legitur
675 1101 786 1188 (Ther.
808 1102 871 1167 630
899 1105 988 1187 ἄγρει
1015 1109 1077 1187 μὰν
1106 1102 1227 1187 ὀλίγαις
1253 1103 1409 1191 μηκωνίοι
1435 1110 1553 1190 ῥάμνον

154 1208 266 1297 ἐίσην),
299 1231 361 1294 quo
391 1208 592 1273 Nicandrum
624 1226 753 1273 versum
785 1211 994 1274 Homericum
1016 1215 1044 1276 E
1063 1211 1125 1275 765
1153 1212 1240 1295 ἄγρει
1267 1215 1330 1296 μάν
1356 1206 1387 1278 οἱ
1412 1209 1553 1297 ἔπορσον

153 1310 333 1404 Ἀθηναίην
356 1319 512 1382 imitatum
536 1338 606 1382 esse
633 1318 705 1381 luce
730 1317 845 1381 clarius
870 1315 958 1402 esti)
1002 1319 1062 1403 μήν
1072 1317 1098 1403 ⁸)
1122 1329 1239 1401 autem,
1268 1318 1431 1404 adquam
1457 1321 1552 1403 parti·

155 1424 261 1487 culam
284 1445 370 1487 nunc
397 1426 578 1507 transimus,
609 1424 696 1507 lociS,
725 1424 841 1509 quibus
869 1422 921 1488 vul
948 1429 1009 1512 μὴν
1036 1422 1118 1509 (καί)
1146 1434 1201 1489 aut
1227 1426 1261 1508 γὲ
1288 1428 1350 1514 μήν
1377 1432 1467 1488 extat
1496 1422 1552 1509 (de

153 1527 206 1591 illo
227 1528 394 1593 confestim
413 1552 518 1594 sermo
538 1532 607 1613 erit,
632 1530 753 1594 dehoc
776 1532 840 1594 iam
860 1552 957 1615 supra
978 1528 1209 1615 exposuimus),
1234 1532 1378 1613 exceptis
1401 1551 1465 1592 uno
1485 1538 1552 1592 tan·

154 1643 222 1696 tum
242 1634 311 1698 loco
332 1634 517 1699 adhibetur:
542 1634 640 1699 Ther.
657 1634 720 1698 828
736 1637 869 1718 τρυγόνα
884 1640 946 1720 μὴν
961 1636 1108 1716 ὀλοεργὸν
1131 1686 1163 1699 ..
1182 1686 1188 1699 .
1210 1632 1214 1719 Ι
1234 1626 1298 1699 οἷδ’
1313 1632 1553 1709 desiderarat.

261 1738 328 1805 Nori
350 1739 437 1825 apud
459 1740 661 1805 Nicandrum
684 1763 747 1804 non
775 1741 890 1824 legitur
916 1742 976 1803 nisi
1003 1739 1128 1803 adiecto
1155 1742 1217 1825 μήν
1238 1739 1290 1803 vel
1317 1744 1377 1824 μὴν
1402 1736 1493 1822 nath
1520 1740 1551 1801 in

156 1846 305 1908 orationis
329 1868 511 1932 progressu,
535 1845 591 1909 ubi
615 1868 719 1909 sermo
744 1848 974 1909 enumerationi
990 1844 1099 1908 similis
1115 1854 1179 1908 est:
1203 1842 1255 1909 vai
1270 1846 1331 1931 μήν
1346 1841 1554 1928 Τ1111.66,10)

155 1948 208 2031 76,
230 1949 303 2033 334,
325 1950 397 2034 822,
419 1950 492 2034 863,
517 1950 567 2015 ΑΙ.
589 1950 641 2033 64,
666 1949 736 2031 178,
758 1949 832 2032 554,
856 1949 930 2031 584,
958 1948 1009 2014 ναὶ
1037 1954 1098 2037 μὴν
1124 1946 1188 2032 καί,
1220 1971 1303 2034 quae
1332 1951 1481 2012 iunctura
1511 1946 1553 2010 ab

155 2052 207 2118 Al.
224 2054 327 2138 abest,
352 2055 449 2119 Ther.
467 2055 518 2138 51,
539 2055 610 2138 145,
626 2054 700 2138 520,
718 2054 791 2137 896,
809 2054 881 2117 921.

260 2161 422 2225 Particula
449 2159 502 2227 τοί
528 2160 689 2246 plerisque
717 2158 847 2246 (XIIII)
875 2159 971 2223 Ther.
993 2168 1025 2223 et
1045 2158 1096 2223 Al.
1120 2158 1197 2223 locis
1225 2158 1293 2222 fere
1321 2158 1364 2222 ad
1393 2160 1554 2222 notionem

156 2269 350 2354 pronominis
370 2264 425 2333 ool
444 2266 579 2331 accedit.
619 2289 658 2330 ac
677 2266 755 2330 locis
771 2264 867 2329 Ther.
883 2265 899 2326 1
918 2275 949 2328 et
964 2263 1016 2328 Al.
1033 2264 1054 2326 4
1073 2262 1126 2329 τοί
1140 2286 1240 2349 prope
1256 2266 1439 2328 vocativum
1455 2273 1554 2343 extat,

155 2383 190 2438 ut
217 2372 259 2437 ad
286 2395 456 2457 personam
480 2371 656 2436 secundam
683 2370 890 2435 referendum
918 2392 988 2433 esse
1011 2368 1169 2451 videatur,
1193 2368 1278 2455 quod
1303 2369 1344 2432 de
1366 2372 1405 2433 iis
1428 2391 1555 2455 quoque

154 2479 233 2542 loeis
250 2478 344 2562 valet,
369 2477 486 2563 quibus
502 2474 556 2542 τοί
578 2486 653 2541 ante
677 2475 779 2542 verba
801 2473 934 2554 ἐνίσπω,
957 2473 1046 2553 λέξω,
1070 2472 1149 2559 ἐρέω
1164 2476 1342 2539 invenitur:
1365 2474 1554 2556 Τ1111.282,

154 2582 229 2666 528,
252 2582 325 2666 636,
350 2582 508 2668 simulque
533 2581 574 2645 de
597 2584 644 2664 iis,
676 2581 793 2666 quibus
826 2582 1008 2665 imperativi
1039 2580 1092 2644 vel
1122 2579 1244 2643 formae
1272 2581 1453 2663 imperativi
1482 2582 1555 2643 vice

153 2688 326 2773 fungentes
357 2697 411 2751 aut
441 2686 642 2772 praecedunt
675 2696 731 2751 aut
764 2694 957 2771 sequuntur:
991 2684 1088 2748 Ther.
1113 2683 1165 2766 57,
1188 2684 1262 2767 411,
1287 2683 1360 2766 694,
1385 2684 1458 2766 715,
1481 2683 1554 2748 929.

155 2816 262 2878 neque
284 2795 390 2856 minus
413 2793 607 2877 pronominis
630 2794 679 2854 vis
703 2790 778 2853 huic
801 2790 979 2875 particulae
1002 2791 1107 2853 inesse
1127 2788 1256 2853 videtur
1270 2788 1366 2853 Ther.
1384 2788 1458 2872 305,
1481 2787 1554 2869 698,

156 2897 230 2981 702,
251 2896 324 2979 935,
349 2900 402 2984 qui
425 2898 486 2961 loci
510 2906 646 2982 excepto
669 2895 766 2961 Ther.
787 2895 851 2960 305
874 2893 917 2960 ad
941 2894 1076 2961 eandem
1100 2894 1168 2958 fere
1191 2896 1347 2958 rationem
1370 2894 1557 2958 conformati

263 3196 283 3261 ¹)
303 3214 381 3263 quam
400 3200 552 3247 iuncturam
571 3197 706 3247 Nicander
724 3198 751 3245 in
770 3198 884 3246 transitu
904 3196 1031 3245 orationis
1049 3194 1177 3245 adhibere
1195 3195 1271 3256 solet,
1293 3197 1317 3244 si
1339 3194 1403 3259 quid
1427 3196 1489 3243 novi
1511 3193 1556 3243 ad-

156 3288 262 3337 laturus
280 3292 332 3350 est;
351 3292 442 3335 contra
460 3285 532 3350 apud
550 3286 695 3334 Homerum
715 3286 870 3349 saepissime
887 3285 962 3344 locis,
980 3284 1078 3347 quibus
1095 3284 1245 3332 sententiae
1268 3284 1338 3333 inter
1360 3298 1389 3332 se
1407 3283 1557 3332 contrariae

156 3377 352 3439 exprimuntur,
370 3374 518 3434 invenitur3
537 3372 570 3421 cf.
584 3377 611 3421 A
625 3374 683 3435 140,
697 3373 755 3431 211,
769 3373 794 3421 Δ
808 3373 847 3430 13,
861 3388 878 3421 α
892 3372 951 3431 267,
964 3388 979 3419 ο
993 3372 1053 3431 488,
1066 3388 1086 3420 a
1099 3372 1140 3429 78,
1153 3371 1211 3419 278.

261 3458 283 3525 ²)
302 3477 354 3524 quo
373 3460 432 3510 loco
452 3462 512 3524 ἤτοι
530 3460 679 3525 particulae
698 3457 751 3526 γάρ
770 3459 829 3508 1ο11
848 3460 964 3523 positum
983 3472 1040 3508 esse
1058 3456 1171 3506 videtur.

261 3545 283 3613 ³)
302 3547 429 3597 hocloco
448 3548 580 3612 oppositio
599 3546 728 3611 quaedam
748 3547 828 3597 statui
847 3550 942 3611 potest.

259 3633 281 3701 4)
301 3635 335 3685 ad
354 3636 414 3699 ἢτοι
433 3636 448 3683 6
467 3646 498 3701 γε
518 3635 551 3683 cf.
565 3636 647 3697 Α68,
662 3636 710 3683 101
730 3634 850 3698 aliosque
869 3633 949 3682 locos.

261 3721 283 3788 Ι5)
303 3738 354 3786 quo
373 3721 432 3771 loco
451 3721 498 3771 val
515 3721 574 3786 μήν
592 3721 635 3770 vel
654 3722 708 3770 tale
727 3720 791 3785 quid
806 3724 974 3784 expectatur.

261 3808 283 3875 ⁶)
302 3810 427 3859 observes
449 3824 548 3873 quaeso
572 3823 663 3857 omnes
686 3808 713 3856 id
736 3824 821 3874 genus
848 3807 921 3857 locos
943 3835 974 3843 -
994 3822 1039 3856 eos
1066 3807 1134 3869 dico,
1162 3808 1258 3871 quibus
1286 3809 1346 3871 ἤτοι
1373 3807 1488 3871 primurn
1514 3806 1558 3856 vel

157 3901 280 3964 quintum
298 3898 448 3947 hexametri
466 3896 562 3961 pedem
582 3896 685 3945 obtinet
704 3923 736 3933 -
755 3897 783 3944 in
802 3895 881 3944 Ther.
901 3896 1026 3945 inveniri.

262 3984 283 4050 7)
302 3984 363 4034 aliis
382 3985 447 4034 locis
466 3984 600 4033 Nicander
619 3988 677 4047 post
695 3983 775 4049 ἄγρει
793 3982 837 4032 vel
856 3985 905 4031 καί
924 3980 1014 4047 (Ther.
1032 3983 1082 4030 685
1102 3986 1129 4030 et
1146 3980 1208 4046 879)
1231 3981 1275 4031 vel
1298 3980 1332 4031 δέ
1352 3979 1443 4046 (Ther.
1459 3982 1509 4029 534
1533 3987 1561 4031 11

157 4074 218 4139 594)
247 4073 350 4139 posuit;
377 4072 457 4139 ἄγρει
481 4076 570 4122 autem
595 4072 690 4137 (forma
707 4070 957 4120 11111111Τ1111.666
981 4068 1100 4135 legitur),
1128 4067 1198 4133 quod
1219 4070 1254 4119 ab
1272 4070 1389 4119 Homero
1407 4069 1459 4117 nisi
1476 4070 1560 4118 inter-

157 4163 280 4212 iectionis
304 4160 363 4209 loco
389 4160 549 4225 imperativo
572 4162 699 4224 sequente
724 4174 778 4206 non
801 4161 952 4221 usurpatur,
977 4157 1125 4222 Aeschylus
1147 4157 1241 4223 Agam.
1266 4159 1314 4206 126
1337 4162 1365 4207 et
1386 4155 1561 4207 Archilochus

157 4249 218 4298 fr.5
237 4250 267 4299 B.
287 4248 388 4314 aliique
408 4264 468 4298 cum
486 4247 638 4297 accusativo
658 4246 810 4295 iunxerunt.

167 4332 170 4339 ’
261 4336 283 4403 8)
302 4334 374 4402 apud
392 4338 537 4385 Homerum
557 4348 688 4397 nusquam
706 4332 777 4382 nude
796 4333 911 4397 positum
930 4337 1011 4392 extat,
1034 4332 1080 4381 sed
1102 4347 1207 4397 semper
1228 4332 1361 4397 particula
1379 4330 1494 4396 quadam
1516 4332 1561 4382 ad·

157 4426 238 4487 iecta,
256 4425 333 4472 cuius
351 4424 410 4472 loco
428 4424 525 4488 passim
545 4422 595 4487 llys
614 4422 758 4479 invenitur,
778 4420 924 4469 1111302.

227 4508 229 4513 ’
262 4508 283 4576 ⁹)
303 4509 336 4559 de
355 4510 402 4559 val
419 4508 477 4574 μήν
496 4508 554 4574 (ναὶ
571 4509 628 4574 μὴν
646 4507 703 4574 καί)
723 4508 755 4557 cf.
770 4508 853 4557 Lehrs
867 4507 975 4568 Quaest.
995 4521 1055 4571 epp.
1073 4523 1098 4571 p.
1113 4508 1172 4567 322,
1191 4506 1280 4571 Bergk
1298 4506 1367 4571 Eph.
1384 4506 1435 4557 litt.
1454 4507 1560 4558 lenens.

159 4612 181 4646 a.
205 4598 281 4655 1846,
300 4614 324 4661 p.
340 4598 398 4655 627,
417 4596 554 4646 Fritzsche
573 4596 606 4644 ad
624 4595 736 4645 Theocr.
751 4595 855 4644 XXVII
874 4596 918 4657 26,
936 4593 965 4644 0.
980 4593 1128 4643 Schneider
1145 4593 1264 4659 prolegg.
1279 4611 1304 4658 p.
1320 4596 1378 4644 101.

252 4682 285 4751 ¹⁰)
304 4683 355 4733 hoc
374 4683 431 4733 loco
450 4682 537 4734 medio
556 4684 584 4733 in
604 4684 742 4732 enuntiato
762 4684 843 4741 extat,
861 4681 957 4731 ceteris
976 4682 1146 4732 enuntiatum
1163 4681 1280 4731 incohat
