3542 5059
1489 162 1549 224 111

149 351 281 432 comico,
305 349 454 414 Phormio
478 359 510 414 et
532 351 675 437 Hecyra,
699 360 848 436 quattuor
870 351 1013 436 reliquae
1035 376 1055 416 a
1075 349 1276 416 Menandro'.
1321 354 1421 416 vitam
1443 362 1552 416 autem

148 455 295 518 Donatus
324 454 441 519 eodem
467 455 562 519 modo
591 478 634 518 ex
657 455 808 521 Suetonio
837 455 1035 542 deprompsit
1059 479 1121 542 quo
1149 458 1385 521 commentariis
1408 456 1450 521 ad
1473 457 1552 521 Ver-

148 559 260 642 gilium
287 557 381 623 huius
404 560 504 624 vitam
534 583 554 623 a
577 560 728 626 Suetonio
758 563 973 646 conscriptam
1003 562 1176 647 praemisit.
1224 560 1282 625 sed
1313 583 1387 625 cum
1416 571 1551 646 utroque

147 665 217 729 loco
233 655 373 728 ‘dieitur'
388 673 420 728 et
436 657 608 729 ‘dicuntur'
624 665 780 751 legamus,
804 664 980 730 edocemur
994 666 1160 729 Donatum
1182 674 1238 729 aut
1260 664 1387 729 fabulas
1407 665 1552 730 Graecas

148 770 275 834 omnino
305 791 369 833 non
399 771 463 833 iam
490 770 523 833 in
550 769 700 834 manibus
729 769 879 834 habuisse
907 780 962 835 aut
984 779 1108 835 tantum
1134 773 1166 834 in
1189 769 1305 834 fabulis
1328 772 1552 835 contaminatis

148 873 293 957 alteram,
321 896 419 959 quam
445 875 619 960 praecipue
642 875 812 939 Terentius
841 884 971 939 secutus
995 874 1073 960 sit.¹)
1118 885 1215 961 atque
1241 874 1320 939 alios
1347 897 1381 939 se
1405 884 1552 939 auctores

148 981 181 1042 in
204 978 360 1043 eiusmodi
382 978 481 1043 rebus
505 978 709 1044 declarandis
733 989 879 1044 secutum
903 1003 973 1044 esse
989 979 1161 1044 scholiasta
1182 982 1251 1065 ipse
1266 979 1388 1045 indicat
1410 979 1453 1044 ad
1467 981 1551 1044 Eun.

148 1083 164 1146 I
182 1084 210 1166 1,
229 1084 243 1144 1
269 1075 344 1147 ‘non
367 1106 456 1148 eam:
480 1084 604 1149 Probus
621 1084 795 1170 distinguit,
819 1087 957 1170 iungunt
972 1087 1026 1171 qui
1041 1084 1213 1149 Menandri
1229 1084 1414 1170 exemplum
1428 1080 1550 1170 legunt‘

149 1198 180 1253 et
202 1187 245 1252 ad
260 1189 342 1252 Hec.
359 1189 410 1253 ΙΙΙ
433 1189 463 1272 4,
481 1189 522 1252 26
546 1181 703 1275 ‘imperite
720 1191 908 1256 Terentium
928 1190 969 1254 de
985 1191 1137 1277 Myconic
1159 1192 1299 1274 crispum
1315 1188 1436 1253 dixisse
1452 1191 1551 1272 aiunt,

149 1315 222 1357 oum
252 1291 467 1377 Apollodorus
498 1293 626 1359 calvum
657 1295 775 1359 dixerit
895 1295 954 1359 sed
985 1317 1044 1380 ego
1075 1296 1262 1359 Terentium
1291 1304 1367 1380 puto
1398 1296 1552 1359 scientem

147 1398 282 1462 facetius
305 1399 494 1484 Myconium
516 1402 657 1485 crispum
681 1396 822 1464 dixisse’.
861 1422 959 1486 quem
981 1409 1090 1464 autem
1113 1400 1345 1485 significaverit
1368 1422 1409 1462 ex
1433 1398 1552 1463 scholio

148 1501 192 1566 ad
215 1503 298 1567 Eun.
315 1504 383 1568 IIII
397 1505 428 1588 4,
445 1503 498 1588 22,
521 1503 608 1590 quod
632 1503 836 1569 antecedenti
859 1505 1053 1570 simillimum
1076 1514 1134 1588 est,
1159 1514 1357 1590 compertum
1380 1503 1551 1568 habemus:

147 1600 280 1672 ‘erravit
302 1608 472 1673 Terentius
499 1632 563 1673 non
591 1609 780 1695 intellegens
803 1610 1051 1675 Menandricum
1078 1609 1157 1674 illud
1272 1631 1332 1692 ego
1354 1607 1552 1672 Adesionem

148 1709 285 1798 sequcr',
317 1736 513 1800 quamquam
541 1714 602 1778 hoc
632 1738 748 1780 nomen
768 1725 926 1801 corrupte
952 1716 1107 1780 traditum
1134 1737 1204 1779 esse
1232 1713 1379 1799 adparet.
1425 1712 1483 1777 sed
1511 1712 1551 1777 de

149 1817 211 1881 hac
235 1841 270 1882 re
293 1830 406 1904 postea
428 1822 611 1884 accuratius
636 1819 865 1905 exponendum
889 1822 957 1885 erit.

252 1923 283 1987 N
285 1926 434 1988 ovissime
455 1923 595 2010 denique
615 1925 641 1990 Ι.
657 1925 683 1989 I.
703 1926 859 1990 Hartman
875 1927 908 1989 in
924 1924 1015 2009 libro,
1039 1946 1136 2010 quem
1152 1923 1192 1988 de
1208 1925 1359 1988 Terentio
1376 1933 1408 1987 ct
1423 1923 1552 1986 Donato

150 2029 346 2112 conscripsit,
377 2051 405 2091 a.
432 2027 515 2092 1895
538 2029 692 2114 Lugduni
714 2029 913 2095 Batavorum
939 2031 1055 2094 emisso
1087 2052 1114 2094 o.
1137 2030 1171 2093 ΙΙ
1193 2050 1224 2115 p.
1241 2027 1392 2092 82-118
1423 2027 1551 2092 adnota-

149 2133 260 2216 tiones
284 2131 400 2218 quibus
416 2133 560 2198 Terentii
582 2157 634 2198 ars
656 2136 723 2199 sive
747 2137 779 2199 in
795 2134 894 2199 robus
910 2133 1138 2220 componendis
1162 2136 1230 2198 sive
1253 2135 1286 2197 in
1306 2132 1416 2198 verbis
1436 2131 1552 2216 eligen-

150 2235 199 2300 dis
221 2236 405 2322 illustratur,
437 2237 479 2302 ab
506 2237 634 2304 homine
662 2242 740 2305 artis
767 2241 937 2304 scaenicae
965 2241 1154 2325 peritissimo
1183 2241 1380 2322 conscriptas
1404 2259 1474 2301 csse
1497 2236 1551 2300 ad·

148 2342 298 2405 firmavit.
343 2341 429 2406 hunc
457 2345 554 2428 igitur
580 2344 674 2430 longe
702 2346 882 2430 ineptorum
905 2344 1070 2409 hominum
1092 2342 1216 2426 turbae,
1246 2345 1301 2428 qui
1323 2341 1472 2406 futtilium
1495 2340 1549 2405 ad-

147 2447 346 2511 notationum
366 2448 529 2534 farraginc
549 2451 721 2535 scriptores
742 2449 917 2534 obruerint,
938 2448 1201 2535 anteponendum
1221 2470 1293 2511 csse
1314 2446 1400 2511 dicit.
1445 2468 1551 2531 neque

149 2573 227 2615 vero
254 2551 419 2617 Donatum
447 2576 522 2618 eum
549 2557 713 2619 nominare
741 2576 775 2618 se
804 2554 936 2638 audere,
964 2576 1005 2618 ne
1033 2576 1144 2618 eorum
1167 2555 1221 2638 qui
1243 2552 1405 2616 Euanthic
1427 2561 1551 2636 partem

150 2654 344 2722 scholiorum
373 2657 543 2723 tribuerint
572 2658 824 2743 indignationem
858 2667 1068 2724 commoveat.
1114 2657 1231 2744 quibus
1260 2656 1369 2721 verbis
1401 2655 1550 2721 Scheide-

149 2761 336 2827 mantelium
359 2764 535 2849 significari
557 2763 671 2828 harum
693 2763 936 2828 adnotationum
957 2763 1132 2849 generibus
1156 2764 1350 2826 enumeratis
1372 2760 1551 2846 adparebit.

150 2876 225 2932 sunt
252 2877 359 2933 autem
386 2878 536 2954 quattuor
563 2869 658 2934 haec:
689 2870 793 2954 primo
819 2871 852 2932 in
881 2869 1045 2933 officinam
1073 2869 1233 2954 poeticam
1256 2866 1473 2952 perduc-imur,
1496 2864 1551 2929 ubi

150 2971 276 3058 singula
313 2975 525 3038 instrumenta
563 2972 793 3060 perlustramus
830 2973 973 3060 quidque
1011 2981 1106 3059 poeta
1144 2973 1274 3037 efficere
1304 2973 1403 3056 possit
1437 2992 1551 3055 cogno·

149 3076 316 3164 scamus.²)
361 3078 461 3143 altero
484 3078 620 3144 lectores
644 3080 820 3145 venustatis
850 3080 883 3143 in
913 3078 1021 3164 aliquo
1048 3077 1207 3143 vocabulo
1238 3077 1366 3141 dictove
1397 3076 1552 3139 elucentis

150 3181 373 3267 admonentur,
395 3206 478 3269 quae
499 3184 602 3249 obiter
620 3183 763 3269 legentes
782 3184 878 3249 facile
900 3184 1044 3267 effugere
1063 3181 1208 3269 potest.³)
1227 3184 1319 3246 tertio
1340 3180 1552 3246 admonemur

152 3295 275 3352 certum
299 3297 460 3353 certorum
474 3288 648 3354 verborum
664 3289 939 3375 formularumque
956 3288 1094 3353 colorem
1111 3285 1221 3372 essef)
1265 3296 1379 3373 quarto
1403 3285 1552 3370 denique,

151 3393 177 3454 si
206 3391 293 3477 quod
323 3392 518 3458 vccabulum
547 3394 635 3479 apud
662 3395 850 3459 Terentium
881 3403 1005 3457 certum
1035 3392 1174 3456 colorem
1204 3390 1312 3473 habet,
1345 3391 1399 3476 qui
1429 3389 1481 3454 ille
1513 3391 1553 3453 sit

150 3498 390 3562 accuratissime
407 3497 683 3584 demonstratura)
721 3497 827 3563 eidem
843 3520 970 3584 quoque
987 3496 1177 3562 scholiastae
1193 3497 1354 3560 Hartman
1376 3517 1407 3580 p.
1423 3494 1466 3557 83
1482 3514 1551 3580 sqq.

255 3776 277 3845 ι)
296 3779 330 3830 cf.
348 3778 489 3829 Ritsohelii
505 3779 623 3844 Parerga
644 3795 669 3844 p.
683 3779 742 3838 326,
767 3777 897 3853 1111111110
915 3777 983 3826 Mus.
997 3776 1081 3826 Rhen.
1095 3776 1185 3825 XXXI
1208 3776 1259 3825 218
1281 3774 1342 3826 adn.
1358 3777 1370 3824 1
1390 3779 1417 3826 et
1435 3775 1495 3835 213,
1519 3774 1552 3824 G.

150 3865 218 3917 Ihne
237 3867 265 3916 in
283 3866 484 3931 quaestionibus
502 3866 672 3916 Terentianis
690 3882 715 3931 p.
731 3867 771 3928 13,
791 3865 822 3915 G.
836 3865 1012 3930 Weinberger
1030 3862 1103 3914 Stud.
1117 3862 1196 3913 Vind.
1209 3863 1290 3913 XIIII
1310 3864 1366 3912 129.

254 3951 277 4020 ²)
295 3955 327 4003 ol.
346 3955 416 4006 Eun.
429 3954 492 4014 Vl,
506 3956 550 4018 19,
568 3953 648 4003 Andr.
662 3953 716 4002 1111
736 3954 871 4016 1,13,18,
892 3955 917 4015 5,
930 3953 978 4014 21,
1001 3950 1082 4002 adde:
1100 3951 1170 4001 Eun.
1189 3950 1255 4017 prol.
1269 3952 1315 4015 37,
1338 3951 1365 4000 II
1384 3952 1408 4014 3,
1421 3951 1450 4014 3,
1468 3950 1510 4000 111
1528 3953 1553 4011 5,

151 4042 200 4105 28,
217 4041 272 4090 1111
289 4042 376 4104 4,48;
396 4042 458 4105 112,
471 4043 518 4105 25,
537 4043 561 4101 4,
575 4043 622 4104 27,
640 4040 746 4090 Phorm.
765 4039 793 4088 11
813 4041 835 4101 1,
849 4041 896 4103 32,
914 4041 939 4100 3,
951 4040 976 4088 4.
990 4040 1023 4088 79
1042 4038 1103 4088 alia.

254 4125 276 4194 8)
296 4127 329 4178 cl.
347 4128 427 4178 Andr.
441 4128 483 4178 III
495 4130 519 4189 3,
533 4129 561 4190 2,
583 4127 717 4177 Phorml
735 4128 759 4186 2,
773 4127 819 4189 36,
842 4126 869 4176 Π
889 4127 972 4188 1,13,
994 4125 1050 4175 IIII
1067 4128 1092 4185 2,
1108 4127 1139 4174 15
1157 4125 1219 4175 alia
1256 4124 1308 4173 huc
1331 4123 1471 4174 referenda
1492 4129 1555 4176 sunt

150 4214 260 4278 scholia,
279 4215 376 4280 quibus
395 4215 537 4265 edocemur
554 4229 637 4279 quare
655 4218 735 4280 poeta
747 4213 797 4273 his,
816 4229 869 4263 non
889 4213 949 4262 aliis
962 4213 1052 4262 verbis
1069 4227 1133 4262 usus
1151 4213 1193 4273 sit,
1212 4211 1297 4261 veluti
1310 4212 1380 4262 Eun.
1399 4212 1413 4261 1
1432 4213 1492 4275 1,1.
1506 4214 1553 4275 22,

151 4303 285 4364 asum.
300 4305 362 4367 107,
380 4303 408 4353 II
427 4305 451 4361 2,
465 4305 493 4367 3,
512 4304 536 4364 3,
550 4303 595 4366 83,
614 4302 655 4352 111
676 4304 698 4364 1,
712 4302 744 4351 28
764 4300 933 4366 plurimaque
952 4300 1013 4350 alia.

257 4388 279 4457 ⁴)
298 4391 331 4441 cf.
353 4389 434 4441 Andr.
449 4391 463 4441 Ι
483 4393 504 4451 1,
518 4391 567 4454 66,
585 4391 669 4453 2,11,
689 4389 768 4450 6,10.
804 4388 851 4438 sad
873 4387 907 4438 do
925 4387 966 4438 his
983 4386 1093 4437 scholiis
1111 4386 1175 4452 quid
1192 4387 1305 4437 sentiam
1329 4403 1390 4437 mox
1408 4386 1557 4436 declarabo.

254 4476 276 4545 ⁵)
296 4478 329 4529 of.
348 4479 415 4529 Hac.
427 4479 468 4528 III
481 4481 506 4541 3,
521 4479 564 4540 18,
584 4477 677 4538 11114,
690 4478 720 4540 8,
738 4475 787 4526 Ad.
800 4476 814 4526 I
826 4478 851 4540 2,
864 4478 907 4527 63.
936 4475 989 4526 hae
1001 4474 1187 4525 adnotationes
1204 4489 1285 4540 saepe
1297 4475 1332 4525 ab
1345 4476 1383 4526 eis
1396 4489 1465 4540 quas
1476 4476 1555 4524 tertio

149 4583 248 4636 genere
266 4567 397 4618 contineri
414 4566 530 4616 diximus
548 4565 663 4615 discerni
682 4579 734 4614 non
754 4569 871 4630 possunt.
908 4578 992 4628 quare
1009 4562 1043 4613 de
1061 4564 1100 4614 eis
1113 4577 1217 4628 quoque
1235 4567 1329 4629 postea
1340 4562 1496 4629 diligentius
1510 4577 1554 4612 ex·

150 4672 281 4726 ponamus
298 4671 407 4707 necesse
425 4660 473 4706 est.
