3542 5059
228 202 248 273 8

228 402 326 465 fuisse
350 400 424 466 Otto
448 400 626 465 Schneider
648 403 749 487 praef.
771 426 802 489 p.
824 403 855 467 V
876 401 960 466 med.
989 401 1177 489 adfirmat,¹)
1205 403 1334 488 probari
1363 426 1456 489 posse
1480 405 1628 488 putem.²)

229 528 335 591 neque
364 528 441 570 vero
470 504 646 570 didacticos
676 516 799 571 tantum
822 516 933 592 poetas
956 506 1121 571 Nicander
1150 510 1182 571 in
1207 507 1335 572 dicendi
1364 531 1484 594 genere
1509 512 1629 573 consti-

229 610 348 674 tuendo
371 612 491 695 passim
514 620 643 674 secutus
667 634 746 695 esse,
771 611 829 675 sed
853 614 949 675 etiam
972 615 1065 697 epioe
1088 614 1231 675 carmina
1262 635 1335 676 cum
1362 612 1533 700 aliorum³)
1560 623 1628 678 tum

229 707 402 800 Homeri,4)
433 739 452 779 a
484 718 574 778 cuius
603 737 750 780 sermone
781 715 1023 801 diligentissime
1053 717 1223 781 observato
1249 718 1488 781 Alexandrinos
1518 728 1629 803 poetas

229 820 390 905 profectos
414 842 484 884 esse
512 843 622 885 omnes
652 823 728 885 satis
759 831 869 886 notum
893 832 949 906 est,
980 821 1205 908 Antimachi‚⁵)
1235 822 1396 908 Apollonii
1418 822 1536 887 Rhodii
1546 823 1572 909 ⁶)
1595 825 1629 886 in

334 1027 355 1094 ¹)
374 1030 406 1079 de
434 1030 484 1079 isto
511 1035 561 1080 τοῦ
586 1029 776 1098 μεταφράζειν
804 1032 911 1096 negotio
934 1032 996 1081 vide
1018 1032 1136 1082 eiusdem
1161 1034 1212 1081 riri
1235 1033 1306 1082 docti
1329 1032 1446 1098 prolegg.
1470 1050 1514 1098 pp.
1537 1035 1584 1082 124
1602 1039 1630 1083 et

230 1118 279 1165 201
299 1132 364 1180 sqq,
382 1117 429 1166 ubi
448 1117 574 1182 permulti
592 1125 763 1169 recensentur
782 1119 985 1183 metaphrastes.

333 1200 355 1268 ²)
373 1205 483 1253 Aratum
507 1205 641 1255 Nicandro
663 1205 785 1271 exemplo
813 1206 895 1256 fuisse
922 1206 1079 1271 singillatim
1106 1206 1297 1257 demonstravit
1315 1207 1346 1257 Ε.
1365 1207 1453 1257 Maass
1475 1208 1504 1256 in
1526 1207 1630 1257 Arateis

230 1289 336 1356 (Philol.
357 1291 462 1341 Unters.
479 1290 552 1356 ΧΠ.)
571 1310 595 1358 p.
616 1296 665 1343 ‘267
685 1310 732 1358 sq,
759 1295 805 1358 qui
827 1294 875 1343 hos
899 1293 973 1343 Arati
996 1301 1023 1343 ct
1047 1295 1175 1343 Nicandri
1202 1310 1294 1344 versus
1316 1296 1493 1358 comparavit:
1516 1296 1560 1344 Ar.
1581 1297 1629 1344 149

230 1376 301 1428 ἔνθα
319 1377 373 1443 μέν
392 1379 493 1443 ἠελίοιο
518 1382 678 1447 θερείταταί
698 1382 750 1432 ελσι
772 1382 899 1432 κέλευθοι
921 1382 1000 1431 Ther.
1019 1383 1070 1432 469
1093 1384 1154 1446 η’τοι
1176 1379 1215 1431 ὅτ’
1235 1383 1335 1445 ἠελίοιο
1358 1386 1501 1448 θερειτάτη
1523 1383 1631 1432 ἵσταται

231 1465 314 1524 ἀκτίς,
341 1466 385 1515 Ar.
409 1469 457 1514 921
487 1470 603 1529 πάπποι,
631 1468 725 1531 λευκῆς
748 1468 858 1535 γήρειον
884 1470 1006 1532 ἀκάνθης
1033 1469 1111 1519 Ther.
1140 1471 1190 1518 329
1219 1470 1254 1523 ὡς
1280 1469 1375 1537 γήρεια
1405 1470 1631 1535 καταψηχθέντος

231 1553 353 1616 ἀκάνθης
370 1553 410 1602 Al.
432 1555 480 1603 126
504 1548 548 1603 οἷά
567 1570 595 1605 τε
615 1553 648 1619 δὴ
668 1556 763 1623 γήρεια
782 1557 844 1606 νέον
870 1557 1051 1622 τεθραμμένα
1073 1554 1183 1617 κάκτου,
1212 1557 1255 1607 Ar.
1274 1559 1324 1606 017
1352 1554 1380 1615 ἐξ
1398 1554 1500 1612 άδατος
1517 1557 1631 1622 πατέρες

230 1638 331 1703 βοόωσι
349 1644 469 1707 γυρίνων
488 1642 567 1691 Ther.
582 1644 632 1691 620
656 1643 779 1709 γεράνων
796 1644 913 1709 καναχολ
931 1643 1062 1710 περίαλλα
1081 1650 1174 1707 τοκῆες
1191 1647 1324 1710 βάτραχοι
1342 1643 1447 1693 Alaea
1471 1645 1487 1707 ἢ
1506 1643 1632 1711 γεράνων

231 1725 359 1795 λαιδροῦς
382 1725 523 1794 δαμάσαιο
546 1733 644 1793 τοκῆας
677 1746 709 1779 ac
731 1732 897 1796 potissimum
920 1746 1012 1780 versus
1030 1732 1140 1780 Arateos
1159 1733 1297 1780 637-644
1319 1747 1379 1780 cum
1401 1731 1459 1781 loco
1482 1731 1631 1781 Nicandreo

231 1815 310 1864 Ther.
331 1817 440 1865 13-20.
477 1817 574 1880 quibus
592 1818 713 1867 versibus
736 1820 764 1867 in
788 1820 947 1868 testimoniis
971 1818 1083 1867 editioni
1101 1819 1214 1867 Arateae
1237 1820 1349 1868 adiectis
1367 1818 1410 1867 Ar.
1429 1820 1478 1867 411
1499 1818 1567 1868 ἄλλα
1586 1836 1631 1867 πι-

232 1901 351 1968 φαύσκοι
369 1908 396 1951 et
413 1903 492 1951 Ther.
506 1906 555 1953 725
575 1904 641 1953 tillo
660 1904 815 1971 πιφαύσκεο
834 1906 945 1964 addidit,
969 1922 1033 1970 quos
1054 1912 1144 1955 tamen
1163 1908 1251 1955 minus
1269 1906 1378 1955 adrem
1396 1906 1484 1955 facere
1502 1907 1630 1955 existimo.

232 1988 299 2039 adde
326 1989 396 2053 quod
422 1992 476 2039 iam
498 1990 613 2056 Witting
640 1988 681 2042 ‘de
704 2009 754 2042 usu
778 1994 943 2042 coniunctivi
972 1998 999 2042 et
1021 1995 1136 2057 optativi
1162 1995 1190 2041 in
1213 1994 1442 2043 enuntiationibus
1468 1992 1632 2042 secundariis

232 2075 303 2140 apud
322 2078 409 2141 epicos
429 2074 552 2128 Graecos'
570 2096 596 2143 p.
610 2081 644 2128 40
657 2096 712 2144 sqq.
732 2082 829 2144 passim
849 2081 881 2129 de
895 2080 970 2129 Arati
983 2081 1165 2144 Nicandrique
1179 2082 1207 2129 in
1221 2080 1304 2129 modis
1322 2080 1482 2130 adhibendis
1500 2084 1631 2130 concentu

232 2164 386 2229 disputavit.
406 2180 486 2229 quam
506 2167 538 2216 ob
558 2181 614 2215 rem
633 2182 682 2231 ego
701 2183 807 2232 quoque
829 2170 857 2216 in
879 2168 929 2217 bac
953 2167 1227 2217 commentatiuncula
1249 2168 1294 2217 bic
1317 2168 1374 2217 illic
1396 2183 1465 2232 quae
1486 2167 1562 2216 Arati
1587 2167 1631 2215 Ni-

233 2251 378 2316 candrique
397 2255 548 2303 communia
567 2269 624 2303 esse
642 2255 804 2304 videbantur
822 2256 956 2305 adnotavi.

336 2336 359 2403 ³)
378 2345 408 2388 ut
426 2355 508 2389 unum
527 2345 629 2390 tanturn
650 2342 781 2406 proferam
795 2344 953 2407 exemplum,
973 2357 1066 2391 versus
1080 2342 1158 2391 Ther.
1173 2343 1223 2390 257
1237 2338 1276 2391 dr'
1290 2342 1405 2392 ἀνθεσιν
1418 2341 1510 2390 εἴσατο
1521 2341 1632 2406 χαλκοῦ,

233 2426 255 2474 si
274 2426 434 2477 scholiastae
452 2428 529 2477 adh.
549 2427 566 2477 l.
586 2430 675 2479 verbis
694 2428 773 2478 fidem
792 2431 910 2479 tribuere
928 2429 1000 2490 licet,
1023 2444 1057 2478 ex
1078 2430 1173 2477 incerti
1195 2429 1333 2478 cuiusdam
1351 2430 1466 2477 auctoris
1484 2426 1632 2477 Heracleae

235 2528 313 2563 versu
331 2516 462 2563 manavit:
482 2514 578 2565 άλλοτε
595 2514 650 2582 μέν
668 2518 780 2577 κυανοῦ,
799 2514 859 2566 τοτὲ
879 2514 904 2565 δ’
923 2517 1038 2566 άνθεσιν
1057 2516 1149 2566 εἴσατο
1163 2516 1277 2581 χαλκοῦ.

337 2599 359 2666 ⁴)
379 2601 411 2650 de
430 2602 568 2652 vocabulis
587 2618 603 2651 a
621 2603 755 2653 Nicandro
775 2618 807 2653 ex
826 2604 943 2652 Hornero
963 2604 1053 2667 petitis
1072 2610 1185 2668 egerunt
1202 2619 1262 2652 cum
1281 2603 1435 2652 Volkmann
1454 2601 1552 2651 Comm.
1573 2616 1632 2666 epp.

234 2706 259 2754 p.
278 2689 311 2736 47
330 2703 385 2752 sqq.
405 2694 432 2738 et
450 2688 480 2738 Ο.
495 2688 640 2739 Schneider
658 2691 774 2755 prolegg.
795 2707 837 2755 pp.
857 2692 907 2739 207
925 2707 963 2755 sq.
983 2696 1011 2740 et
1028 2693 1088 2753 911,
1107 2696 1163 2739 tum
1183 2691 1225 2740 Fr.
1244 2691 1332 2740 Ritter
1350 2692 1378 2740 iu
1396 2690 1582 2739 dissertatione
1601 2688 1633 2737 dc

234 2776 374 2825 adiectivis
398 2781 425 2825 et
446 2777 620 2826 substantivis
643 2777 714 2842 apud
738 2778 903 2827 Nicandrum
925 2778 1075 2827 Homericis
1099 2779 1243 2842 Gottingae
1268 2780 1335 2827 1880
1362 2779 1390 2826 in
1413 2778 1502 2827 lucem
1529 2777 1632 2825 emissa.

235 2878 328 2912 verum
341 2878 395 2912 non
407 2878 485 2913 voces
497 2869 601 2913 tantum
615 2880 648 2913 ex
661 2865 777 2913 Homero
792 2864 956 2913 Nicandrum
968 2866 1119 2930 sumpsisse,
1138 2865 1184 2915 sed
1199 2867 1346 2915 sententias
1364 2880 1470 2930 quoque
1479 2865 1634 2913 Homericas

235 2952 263 2999 in
282 2951 443 3000 carminibus
462 2951 610 3016 pangendis
633 2954 780 3017 respexisse
806 2968 885 3016 quam
908 2954 1024 3003 maxime
1046 2954 1104 3002 veri
1126 2952 1214 3002 simile
1238 2959 1284 3001 est.
1321 2953 1391 3016 quod
1414 2954 1437 3001 si
1460 2952 1634 3016 reputaveris,

234 3038 345 3087 sortasse
363 3036 473 3087 tolletur
490 3037 642 3099 difficultas,
667 3055 746 3103 quam
769 3040 798 3087 in
817 3054 897 3089 versu
915 3038 957 3089 Al.
976 3042 1027 3089 462
1051 3040 1146 3090 άλλοτε
1166 3037 1192 3089 δ’
1211 3039 1241 3091 ἐν
1260 3038 1356 3109 δροίτη
1374 3043 1476 3107 κεράων
1496 3036 1634 3104 ἐμβάπτεο

235 3124 336 3191 σάρκας
363 3126 467 3175 notavit
489 3125 509 3175 I.
530 3126 562 3175 G.
587 3125 732 3175 Schneider
757 3126 810 3191 (Al.
829 3144 854 3191 p.
876 3125 948 3191 226),
975 3127 1028 3175 loci
1051 3128 1187 3176 Homerici
1210 3130 1292 3176 κ361
1317 3144 1355 3191 sq.
1383 3124 1410 3181 ἔς
1432 3122 1456 3192 ῥ’
1474 3124 1634 3191 ἀσάμινθον

236 3212 320 3263 ἕσασα
339 3208 378 3262 λδ
399 3210 427 3261 ἐκ
444 3210 575 3278 τρίποδος
592 3211 736 3279 μεγάλοιο,
753 3211 757 3277 l
773 3217 897 3279 θυμῆρες
914 3211 1051 3281 κεράσασα
1071 3216 1174 3264 ratione
1193 3214 1293 3277 habita,
1316 3216 1355 3263 ita
1375 3218 1406 3262 ut
1428 3216 1541 3280 κεράων,
1565 3212 1635 3276 quod

235 3301 256 3349 Ι.
276 3300 307 3350 G.
327 3305 355 3349 et
372 3299 403 3349 Ο.
423 3299 570 3349 Schneider
587 3301 616 3348 in
635 3301 724 3350 indice
745 3300 813 3349 falso
836 3301 870 3350 ad
892 3302 972 3369 κέρας
995 3301 1165 3362 rettulerunt,
1187 3302 1330 3351 Homerico
1353 3305 1476 3367 θυμῆρες
1497 3298 1634 3367 κεράσασα

235 3387 394 3452 respondeat
412 3402 428 3435 a
445 3385 532 3455 κεράω
551 3386 725 3437 derivandum
744 3388 802 3454 (cfr.
822 3405 840 3454 y
862 3390 922 3447 332,
945 3391 966 3437 θ
986 3390 1046 3448 470,
1070 3405 1084 3436 ο
1108 3390 1167 3448 500,
1190 3405 1207 3437 υ
1226 3389 1285 3447 253,
1309 3405 1329 3437 ω
1347 3386 1419 3453 364),
1447 3388 1474 3437 id
1493 3387 1635 3451 quodiam

238 3477 370 3527 Gerraeus
389 3470 514 3539 ‘tepidam
533 3471 683 3524 affundens’
703 3476 894 3540 interpretatus
912 3477 1025 3525 sensisse
1044 3474 1156 3525 videtur.
1184 3480 1323 3539 praeterea
1340 3474 1412 3523 haud
1430 3490 1489 3523 raro
1502 3474 1635 3523 Nicander

237 3563 348 3613 Homeri
367 3576 459 3611 versus
478 3562 522 3611 vel
541 3564 628 3626 potius
647 3578 772 3612 versuum
790 3563 934 3627 particulas
953 3578 985 3612 ea
1003 3564 1107 3611 ratione
1125 3564 1244 3611 imitatus
1263 3568 1311 3624 est,
1334 3578 1413 3625 quam
1431 3562 1516 3611 Lehrs
1528 3560 1633 3621 Quaest.

237 3666 296 3715 epp.
315 3668 340 3715 p.
360 3651 409 3699 287
429 3649 591 3714 significavit
610 3650 650 3698 his
669 3651 770 3699 verbis:
791 3647 981 3700 ‘memorabilis
1003 3651 1074 3715 apud
1098 3652 1187 3715 epicos
1206 3650 1320 3698 imitatio
1344 3655 1392 3711 est,
1415 3664 1484 3712 quae
1508 3647 1635 3696 similium

236 3739 386 3787 litterarum
406 3738 580 3786 consonantia
599 3753 646 3801 per
664 3752 741 3787 aures
760 3739 848 3802 potius
868 3754 947 3802 quam
971 3752 1019 3801 per
1041 3744 1157 3787 mentem
1181 3733 1371 3800 subnascitur'3
1395 3736 1515 3785 conferas
1538 3749 1635 3799 quaeso

237 3829 266 3875 N
282 3826 330 3874 707
349 3828 378 3874 Σ
393 3825 445 3873 544
463 3824 559 3875 τέλσον
579 3824 695 3891 ἀρούρης
714 3840 774 3873 cum
792 3826 850 3874 Nic.
870 3825 949 3874 Ther.
969 3827 1019 3873 546
1038 3825 1134 3874 τέλσον
1153 3824 1246 3878 άλωος.

340 3909 362 3977 ⁶)
382 3928 461 3976 quem
473 3912 607 3961 Nicandro
620 3912 741 3976 exemplo
756 3912 838 3961 fuisse
849 3914 924 3961 testis
938 3918 977 3961 est
989 3912 1132 3960 scholiasta
1148 3912 1181 3959 ad
1194 3912 1273 3961 Ther.
1287 3914 1314 3959 4:
1334 3908 1391 3962 ἔστι
1405 3908 1436 3959 δὲ
1455 3913 1469 3959 ὁ
1483 3906 1637 3976 Νίκανδρος

237 4000 353 4063 ζηλωτὴς
371 3996 544 4065 Ἀντιμάχου,
572 3997 669 4066 διόπερ
697 3998 809 4053 πολλαῖς
834 3996 939 4058 λέξεσιν
965 3998 1050 4048 αὐτοῦ
1068 3997 1203 4066 κέχρηται,
1229 3998 1299 4063 quod
1325 3999 1356 4047 R.
1379 3998 1531 4047 Volkmann
1559 4015 1583 4061 p.
1602 3999 1635 4045 59

237 4095 264 4137 et
283 4088 313 4137 0.
334 4088 480 4137 Schneider
498 4104 522 4152 p.
543 4089 593 4135 910
613 4086 741 4151 exemplis
760 4088 1008 4150 comprobaverunt.

340 4172 363 4238 6)
382 4190 415 4223 ex
440 4190 491 4238 quo
515 4175 650 4224 Nicander
672 4176 755 4224 verba
783 4175 928 4238 composita
951 4173 1042 4237 qualia
1065 4180 1128 4222 sunt
1150 4171 1306 4239 έπιπροθέω
1330 4171 1419 4238 (Ther.
1444 4170 1506 4235 382)
1529 4172 1636 4235 petiisse

238 4262 343 4311 videtur
367 4258 411 4327 (cf.
433 4261 583 4310 Volkmann
607 4279 631 4325 p.
652 4260 704 4327 63),
743 4278 818 4326 porro
842 4260 1006 4310 Nicandrum
1029 4276 1135 4309 versum
1157 4260 1198 4308 Al.
1218 4262 1269 4308 496
1293 4258 1322 4309 ἐκ
1344 4259 1474 4324 ποταμοῦ
1499 4255 1637 4324 ταυρηδὸν

239 4348 430 4414 ἐπιπροπεσών
448 4350 533 4398 ποτὸν
553 4348 615 4417 ἰ’σχη
638 4348 716 4414 (adde
729 4350 806 4399 Ther.
822 4351 872 4397 310
883 4364 921 4411 sq.
934 4347 997 4411 ἠάτε
1011 4348 1109 4414 ταῦρος
1122 4345 1190 4413 ὑπὲρ
1209 4349 1347 4412 ποταμοῖο
1365 4345 1497 4401 νενευκὼς
1513 4349 1516 4404 Ι
1527 4343 1637 4410 χανδὸν

239 4438 391 4503 ἀμέτρητον
419 4433 529 4500 δέχεται
555 4434 651 4500 ποτόν)
680 4452 712 4485 ex
740 4437 798 4485 loco
819 4435 997 4500 Apolloniano
1015 4436 1070 4484 1111
1096 4437 1161 4482 1416
1183 4450 1220 4498 sq.
1243 4431 1367 4501 ῥωγάδος
1391 4431 1419 4482 ἐκ
1450 4433 1549 4498 πέτρης
1575 4436 1637 4481 πίεν

238 4524 366 4583 ἄσπετον,
403 4524 477 4590 ὄφρα
505 4526 623 4585 βαθεῖαν
652 4524 655 4587 l
682 4521 769 4586 νηδὺν
797 4520 920 4589 φορβάδι
948 4515 1006 4578 ἶσος
1037 4520 1227 4589 ἐπιπροπεσών
1254 4519 1385 4587 ἐκορέσθη
1417 4518 1550 4569 effinxisse
1580 4521 1638 4568 veri

238 4610 403 4660 simillimum
431 4616 477 4659 est.
514 4616 652 4673 praeterea
675 4625 767 4659 versus
791 4626 897 4673 qnoque
916 4609 1003 4674 Apoll.
1022 4610 1077 4658 IIII
1099 4610 1163 4657 1539
1180 4624 1235 4672 sqq.
1264 4608 1296 4657 de
1323 4623 1411 4673 angue
1438 4607 1472 4657 ad
1495 4606 1637 4657 latibulum

239 4714 315 4747 suum
335 4706 457 4763 serpente
476 4697 548 4746 haud
567 4698 620 4746 scio
639 4713 673 4746 an
692 4696 826 4746 Nicandro
845 4697 878 4745 ob
898 4696 988 4745 oculos
1007 4698 1105 4745 versati
1124 4697 1190 4760 sint3
1209 4696 1240 4744 cf.
1255 4696 1309 4744 1111
1324 4697 1389 4744 1539
1402 4693 1511 4762 δράκων
1528 4694 1637 4757 σκολιὴν
