3542 5059
327 1315 506 1414 Donatum
528 1349 776 1436 grammaticum
798 1359 928 1434 praeter
950 1346 1029 1414 alios
1051 1347 1149 1413 libros
1173 1351 1417 1416 commentarios
1440 1372 1567 1437 quoque
1590 1353 1623 1416 in

223 1452 366 1518 Terentii
387 1453 514 1518 fabulas
538 1447 766 1539 conscripsisse
790 1462 886 1518 testes
909 1463 983 1518 sunt
1005 1454 1224 1541 Hieronymus
1247 1453 1356 1542 (Apol.
1379 1454 1455 1522 adv.
1476 1456 1583 1521 Rufin.
1606 1455 1623 1520 I

227 1556 279 1644 16)
307 1571 339 1623 et
365 1559 550 1624 Priscianus
573 1558 629 1647 (d.
653 1559 692 1623 L.
715 1551 927 1634 111281,‘14
950 1557 1078 1643 61320,
1103 1558 1166 1645 13).
1210 1568 1307 1645 atque
1334 1559 1420 1626 idem
1447 1582 1564 1625 nomen
1590 1561 1624 1624 iu

221 1662 311 1727 libris
334 1685 430 1728 mauu
453 1665 580 1749 scriptis
602 1686 681 1749 prae
704 1684 738 1728 sc
762 1661 824 1727 fert
847 1672 1072 1748 commentum,
1097 1661 1182 1749 quod
1204 1662 1289 1729 Aelii
1312 1664 1433 1730 Donati
1454 1688 1485 1729 v.
1508 1687 1535 1730 c.
1557 1687 1623 1729 ora-

221 1768 298 1831 toris
314 1768 403 1833 urbis
418 1769 540 1834 Romae
556 1767 749 1833 inscribitur.
797 1776 922 1832 constat
944 1776 1051 1832 autem
1074 1766 1108 1831 id
1131 1791 1173 1832 ex
1193 1768 1295 1833 tribus
1314 1768 1469 1854 partibus,
1493 1792 1536 1834 ex
1558 1772 1625 1835 vita

221 1872 374 1958 Terentii,
398 1896 495 1960 quam
518 1895 562 1938 ex
577 1873 729 1939 Suetonio
753 1871 956 1958 desumptam
980 1895 1051 1937 esse
1074 1872 1199 1938 verbis:
1223 1864 1315 1938 ‘haec
1339 1873 1510 1939 Suetonius
1524 1874 1624 1939 Tran-

222 1973 349 2062 quillus’
378 1977 548 2060 indicatur,
579 2000 680 2064 parvo
708 1976 927 2042 additamento
957 1989 1063 2060 aucta,
1095 1999 1138 2041 ex
1166 1985 1305 2043 tractatu
1333 1977 1375 2043 de
1401 1978 1567 2064 tragoedia
1594 1989 1627 2043 et

223 2081 399 2168 comoedia,
422 2082 562 2170 denique
586 2106 628 2148 ex
645 2083 892 2166 commentariis,
916 2080 1032 2167 quibus
1055 2081 1201 2167 singulae
1223 2081 1354 2148 fabulae
1373 2093 1503 2168 praeter
1517 2106 1624 2168 unam,

223 2187 618 2272 Heautontimorumenon,
642 2186 849 2252 illustrantur.

326 2288 497 2357 Tractatus
525 2292 566 2357 de
592 2291 759 2379 tragoedia
787 2301 818 2355 et
845 2290 1012 2356 comoedia
1038 2299 1164 2376 partem
1190 2292 1330 2378 priorem
1358 2290 1447 2378 (inde
1474 2291 1516 2356 ab
1539 2294 1625 2358 initio

222 2418 325 2482 usque
353 2396 396 2461 ad
418 2397 519 2463 verba
543 2397 573 2482 8,
597 2397 652 2480 4¹)
675 2389 853 2462 ‘comoedia
876 2405 925 2460 est
947 2390 1078 2480 fabula',
1108 2406 1182 2461 ante
1210 2418 1294 2481 quae
1316 2398 1348 2461 in
1373 2396 1485 2462 codice
1507 2399 1625 2482 optimo

223 2501 384 2567 Parisiaco
409 2502 495 2568 7920
528 2502 610 2567 haec
633 2503 796 2587 inscriptio
818 2500 950 2586 legitur:
985 2493 1038 2564 ‘de
1062 2495 1253 2585 comoedia’)
1276 2502 1397 2586 primus
1420 2501 1457 2566 F.
1482 2500 1624 2569 Linden-

221 2605 303 2692 brog
319 2605 466 2671 editionis
482 2607 635 2691 Terentii,
651 2629 734 2692 quae
750 2605 869 2690 prodiit
884 2605 1089 2670 Francofurti
1105 2627 1133 2670 a.
1153 2603 1245 2690 1623,
1262 2626 1293 2690 p.
1311 2605 1373 2670 631
1391 2627 1438 2691 sq.
1454 2605 1625 2690 Euanthia,

222 2714 431 2794 grammatico
452 2710 811 2797 Constantinopolitano,
833 2712 887 2795 qui
907 2710 1106 2796 Hieronymo
1126 2711 1158 2773 in
1174 2706 1334 2775 Chronico
1353 2719 1435 2775 teste
1455 2733 1484 2775 a.
1500 2734 1531 2797 p.
1549 2710 1625 2776 Chr.

151 2861 154 2866 -
222 2837 253 2879 n.
270 2813 334 2880 358
364 2826 508 2880 mortuus
538 2815 625 2902 est,²)
656 2814 823 2880 vindicare
854 2814 985 2879 studuit.
1032 2812 1096 2878 duo
1126 2814 1212 2878 enim
1242 2836 1325 2900 quae
1354 2814 1442 2900 apud
1472 2815 1627 2880 Rufinum

222 2918 476 2985 Antiochensem
502 2921 535 2984 in
563 2922 790 2985 commentario
817 2920 851 2984 in
878 2929 981 2983 metra
1009 2919 1204 2984 Terentiana
1227 2917 1282 3005 (G.
1303 2918 1342 2982 L.
1359 2918 1408 2984 VI
1427 2919 1502 3003 554,
1524 2917 1625 3005 4-9)

222 3021 373 3108 leguntur
403 3026 568 3092 enuntiata
595 3047 638 3089 ex
667 3017 831 3090 ‘Euanthii
860 3024 1089 3088 commentario
1111 3023 1255 3087 Terentii
1283 3022 1323 3088 de
1346 3023 1466 3107 fabula,
1493 3022 1555 3089 hoc
1578 3033 1628 3088 est

224 3128 265 3192 de
288 3123 499 3216 comoedia't)
522 3140 650 3216 sumpta
672 3131 705 3194 in
727 3131 833 3214 priore
856 3128 951 3192 huius
974 3136 1129 3193 tractatus
1151 3137 1242 3213 parte
1258 3126 1289 3211 5,
1308 3127 1346 3192 17
1364 3150 1410 3215 sq.
1428 3136 1461 3193 et
1476 3128 1506 3212 6,
1522 3127 1625 3216 9sqq.

223 3245 403 3300 recurrunt.
448 3257 554 3321 neque
585 3257 661 3299 vero
692 3231 839 3298 omnibus
869 3234 947 3297 viris
978 3232 1080 3297 doctis
1111 3234 1178 3296 eius
1209 3234 1368 3298 sententia
1396 3231 1533 3321 probata
1566 3243 1625 3298 est.

224 3341 342 3404 etenim
364 3338 598 3404 Reifferscheid
622 3337 737 3425 (praef.
761 3360 792 3422 p.
809 3336 843 3423 2)
874 3339 1034 3402 incertum
1064 3358 1134 3401 esse
1166 3335 1252 3421 dicit,
1282 3347 1389 3402 utrum
1412 3337 1515 3404 verba
1535 3331 1626 3402 ‘illud

223 3465 300 3507 vero
330 3443 507 3510 tenendum
537 3439 596 3508 est’
626 3443 671 3530 (7,
689 3441 722 3529 7)
753 3464 855 3528 usque
885 3441 929 3506 ad
952 3433 1143 3526 ‘cognitione
1166 3437 1340 3526 gestorum'
1371 3439 1414 3527 (8,
1430 3441 1476 3529 3),
1507 3444 1626 3529 quippe

224 3570 306 3634 quae
323 3550 449 3614 omnino
472 3548 551 3614 nihil
573 3571 648 3614 cum
663 3546 881 3634 superioribus
905 3545 1108 3628 cohaereant,
1131 3544 1291 3610 Euanthio
1314 3568 1357 3611 an
1379 3544 1433 3611 alii
1453 3546 1627 3612 tribuenda

223 3654 294 3718 sint.
341 3664 451 3719 contra
466 3653 506 3718 A.
524 3653 655 3719 Teuber
673 3654 707 3717 in
726 3651 832 3716 libello
853 3650 895 3716 de
915 3652 1105 3716 auctoritate
1125 3660 1377 3716 commentorum
1392 3653 1425 3715 in
1440 3652 1626 3717 Terentium

224 3778 307 3843 quae
330 3757 390 3823 sub
407 3758 490 3824 Aelii
513 3759 634 3824 Donati
657 3759 783 3822 nomine
807 3755 1079 3820 circumferuntur
1101 3753 1156 3841 (cf.
1172 3777 1281 3842 progr.
1297 3777 1407 3842 gymu.
1423 3755 1625 3821 Eberswsld.

222 3885 251 3927 a.
271 3861 364 3946 1881,
388 3885 419 3950 p.
436 3862 472 3949 6)
500 3864 580 3929 haec
607 3865 724 3949 optime
751 3863 835 3926 inter
861 3883 897 3926 se
925 3863 1050 3926 conecti
1076 3859 1237 3944 adfirmat,
1266 3881 1340 3925 cum
1363 3859 1560 3945 digressione
1583 3861 1624 3926 de

224 3987 281 3994 12—-

328 4038 348 4106 ¹)
368 4056 431 4091 usus
448 4055 507 4090 sum
525 4038 606 4090 huius
623 4043 751 4090 tractatus
769 4039 886 4100 itemque
900 4036 1000 4086 Donati
1017 4035 1213 4101 praefationum
1231 4033 1357 4094 editione,
1376 4034 1625 4100 6666166616-

223 4126 313 4178 scheid
331 4126 465 4178 indicibus
482 4126 563 4177 schol.
583 4127 656 4176 univ.
674 4125 781 4176 Vratisl.
801 4140 848 4189 per
866 4123 969 4173 hiemes
986 4138 1009 4172 a.
1031 4121 1126 4188 187415
1144 4127 1172 4174 et
1192 4119 1366 4187 1875161165.
1386 4122 1532 4187 praemisit,
1548 4124 1626 4173 cuius

223 4214 335 4279 paginas
353 4220 380 4265 et
397 4229 490 4264 versus
508 4212 633 4264 indicavi.
1601 4277 1605 4283 Ι

326 4299 349 4366 ¹)
367 4301 400 4351 sd
413 4301 454 4352 01.
468 4301 528 4363 284,
541 4302 569 4350 22
589 4296 749 4351 ‘Euanthius
765 4297 961 4348 eruditissimus
976 4296 1211 4362 grammaticorum
1223 4293 1454 4362 Constantinopoli
1469 4295 1540 4347 diem
1553 4295 1625 4349 obit‘.

325 4385 348 4454 ⁸)
367 4389 430 4440 Keil
458 4389 541 4440 verbs
566 4384 626 4438 ‘hoc
649 4393 690 4437 est
711 4385 745 4437 de
768 4380 915 4436 ccmoedis'
942 4390 1078 4448 tamquam
1104 4383 1194 4448 spuria
1220 4383 1337 4434 seclusit.
1373 4397 1422 4449 ego
1444 4388 1534 4434 sutem
1558 4384 1627 4435 nihil

223 4481 331 4535 mutem,
349 4490 410 4526 cum
427 4476 568 4526 enuntiata
585 4474 634 4524 1116
646 4489 675 4524 re
687 4488 752 4525 vers
769 4475 797 4524 in
817 4488 850 4524 es
866 4477 997 4522 tractatus
1013 4477 1097 4536 parte,
1115 4485 1169 4535 qua
1187 4468 1222 4521 de
1233 4469 1371 4521 comoedia
1388 4471 1485 4537 agitur,
1503 4472 1628 4539 legantur

223 4575 311 4625 neque
328 4560 454 4612 Rufinum
473 4562 561 4627 ipsum
579 4561 660 4612 huius
678 4565 806 4612 tractatus
824 4560 933 4611 titulum
953 4558 1071 4608 indicare
1089 4557 1207 4608 voluisse
1228 4572 1384 4624 persuasum
1406 4558 1529 4621 habeam,
1546 4577 1626 4625 quem

222 4642 431 4714 ‘(ccmmentum)
449 4649 477 4700 in
496 4649 616 4699 Terentii
634 4646 747 4700 fabulss‘
766 4649 849 4699 luisse
867 4648 1018 4712 suspicatus
1036 4651 1076 4696 est
1093 4645 1123 4697 C.
1136 4645 1269 4696 Daistsko
1286 4646 1356 4697 Mus.
1374 4645 1460 4698 Rhcn.
1477 4647 1553 4699 XXV
1565 4649 1626 4698 488.
