3542 5059
276 215 338 278 126

273 405 414 472 Andr.l
443 407 470 490 1,
492 405 547 493 58)
582 416 694 471 extant
728 409 952 494 originationes
987 418 1277 472 commemorantur
1310 406 1475 473 Ciceronis
1508 407 1586 470 locis
1620 404 1672 491 (de

274 521 351 576 orat.
380 511 413 576 II
445 511 499 593 173
532 521 609 576 orat.
638 512 696 576 157
729 522 760 576 et
791 513 881 598 154),
920 511 1036 598 quibus
1073 514 1294 596 inveniuntur,
1337 512 1461 576 adlatis.
1507 511 1566 576 sed
1596 514 1674 576 mira

274 615 434 702 quaedam
465 619 544 680 ratio
574 616 745 681 intercedit
773 619 858 681 inter
887 617 1007 681 scholia
1036 617 1140 682 Andr.
1163 617 1268 700 ΙΙΙ4,
1291 616 1345 700 18,
1375 617 1439 680 Ad.
1462 616 1494 680 ΙΙ
1515 617 1547 699 4,
1571 615 1610 678 18
1644 626 1675 680 11

273 721 410 786 Nonium
437 721 517 784 143
540 722 578 784 L.
597 723 640 785 M.
665 721 767 786 Andr.
786 721 835 786 ΙΙΙ
857 723 887 804 4,
908 721 946 784 18
969 722 1050 786 haec
1070 722 1220 807 legimus:
1244 719 1394 786 ‘irritatus
1418 731 1467 785 est
1490 731 1673 802 commotus,

273 827 321 889 ira
336 835 538 910 provocatus,
559 836 594 890 ut
613 829 645 889 in
660 826 852 890 Phormione
870 827 916 909 (V
932 826 961 909 8,
979 826 1044 913 39).
1069 826 1197 892 ducitur
1217 837 1326 890 autem
1340 826 1476 891 verbum
1494 850 1513 889 a
1530 826 1673 909 canibus,

274 934 328 1017 qui
350 933 503 995 restrictis
520 930 669 996 dentibus
693 931 776 995 hanc
799 931 937 996 litteram
960 955 978 992 r
1001 928 1184 1014 imitantur',
1208 931 1271 996 Ad.
1289 932 1322 996 ΙΙ
1342 931 1432 1016 4,18
1455 941 1563 996 autem
1578 929 1674 994 haec:

273 1027 401 1100 ‘irritari
423 1039 550 1122 proprie
575 1058 671 1100 canes
696 1035 855 1100 dicuntur.
901 1037 1045 1100 Lucilius
1054 1036 1078 1122 ¹)
1097 1037 1137 1101 de
1153 1037 1257 1101 littera
1273 1061 1307 1099 r:
1326 1037 1466 1098 irritata
1481 1036 1573 1097 canis
1589 1034 1676 1120 quod

274 1143 363 1203 homo
390 1163 487 1226 quom
508 1140 649 1225 planias
679 1135 800 1203 dictat'.
848 1141 936 1226 apud
958 1142 1099 1205 Nonium
1122 1165 1199 1206 vero
1222 1141 1353 1225 legitur:
1377 1133 1442 1226 ‘qui
1466 1164 1540 1204 cum
1563 1162 1675 1225 provo·

274 1255 388 1309 cantur
409 1242 542 1328 irriunt’,
571 1269 610 1309 ac
638 1245 730 1310 simul
758 1245 923 1311 adduntur
950 1257 1079 1331 praetor
1105 1246 1305 1310 Phormionis
1332 1245 1472 1331 locum²)
1504 1255 1536 1309 et
1558 1245 1674 1308 Lucilii

273 1373 413 1435 versum,
430 1353 481 1415 cui
493 1351 655 1415 adiectum
668 1361 716 1415 est
727 1343 803 1416 ‘Sat
816 1346 853 1434 I',
867 1351 1011 1434 Vergilii,
1029 1351 1169 1416 Sallustii
1181 1351 1380 1437 aliorumque
1395 1351 1466 1414 loci.
1490 1350 1528 1414 Ε.
1538 1349 1675 1431 Bartels,

274 1457 328 1541 qui
356 1457 388 1518 in
416 1453 644 1519 dissertationis
672 1455 712 1518 de
736 1456 879 1519 Terentii
906 1459 1058 1519 memoria
1085 1455 1172 1540 apud
1195 1456 1335 1520 Nonium
1362 1465 1490 1519 servata
1519 1453 1574 1540 (cf.
1598 1453 1675 1517 diss.

274 1558 446 1644 Argentor.
464 1559 575 1645 VIIII)
606 1582 659 1644 pp.
678 1560 805 1623 26—29
836 1559 958 1624 scholia
981 1560 1164 1624 Donatiana
1196 1584 1269 1625 cum
1298 1561 1394 1624 Nonii
1425 1560 1502 1623 locis
1533 1558 1675 1641 contulit,

181 1647 184 1652 Δ
273 1664 352 1728 nihil
381 1665 455 1728 inde
487 1665 617 1728 efficere
648 1675 781 1729 conatus
811 1675 867 1729 est.
901 1664 1124 1750 Gersteuberg
1153 1689 1184 1751 p.
1206 1666 1246 1728 41
1265 1688 1312 1751 sq.
1344 1664 1523 1750 Eugraphii
1554 1664 1676 1728 Donati

273 1769 368 1832 Nonii
398 1767 476 1832 locis
507 1771 698 1854 comparatis
729 1791 839 1833 omnes
869 1768 913 1832 ad
941 1769 1099 1854 pleniores
1127 1772 1337 1855 interpretum
1359 1771 1569 1833 vetustiorum
1592 1791 1675 1832 oom-

274 1875 445 1937 mentarios
468 1873 622 1938 recedere
646 1873 732 1938 dicit.
778 1897 816 1937 ac
840 1874 880 1937 de
904 1873 1091 1960 Eugraphio
1115 1874 1244 1938 uberius
1268 1874 1451 1960 disputavit,
1479 1896 1544 1937 non
1566 1883 1676 1937 tamen

273 1981 327 2061 ita,
350 1988 385 2042 ut
400 2001 438 2041 ea
455 2001 537 2064 quae
555 1981 664 2043 statuit
680 1989 767 2042 certa
784 2001 854 2042 esse
871 1979 1053 2043 videantur.
1098 1980 1221 2044 Nonius
1241 1989 1349 2043 autem
1369 1988 1403 2041 ut
1419 1979 1538 2042 Donati
1554 1977 1676 2042 scholia

275 2083 431 2147 adhibere
454 2106 517 2147 non
541 2086 643 2168 potuit
664 2106 727 2147 uno
750 2086 818 2146 sine
842 2083 940 2147 dubio
963 2084 1091 2148 saeculo
1106 2083 1305 2170 antiquior,³)
1328 2086 1371 2147 ita
1394 2093 1503 2169 utpote
1527 2083 1676 2168 compila-

274 2197 323 2251 tor
350 2211 392 2251 ex
418 2187 521 2252 isdem
549 2188 666 2273 quibus
689 2188 837 2252 Donatus
864 2212 941 2252 usus
970 2198 1018 2253 est
1040 2191 1254 2274 antiquiorum
1277 2198 1564 2252 commentatorum
1585 2187 1676 2251 libris

273 2314 330 2355 sua
353 2292 496 2356 hausisse
512 2293 649 2358 videtur.
696 2316 792 2378 quam
816 2294 856 2358 ob
880 2317 949 2357 rem
971 2294 1037 2358 iam
1059 2296 1114 2379 qui
1129 2295 1248 2358 fuerint
1270 2293 1303 2357 hi
1326 2295 1515 2378 interpretes
1532 2291 1675 2378 quidque

274 2400 490 2483 praestiterint
512 2398 603 2462 nobis
626 2398 854 2483 inquirendum
878 2409 934 2463 est.

377 2503 505 2567 Initium
532 2505 628 2588 igitur
655 2503 811 2567 faciamus
839 2503 881 2567 ab
911 2503 1024 2567 eodem
1048 2504 1155 2568 Rufini
1182 2505 1382 2587 grammatici
1404 2503 1483 2586 loco,
1513 2501 1552 2566 G.
1570 2502 1608 2564 L.
1628 2501 1675 2565 Vl

273 2607 347 2692 565,
368 2609 459 2692 1-6,
484 2633 503 2672 a
526 2631 589 2694 quo
613 2631 686 2672 cum
710 2609 751 2672 de
774 2608 938 2673 veteribus
961 2609 1065 2672 Plauti
1093 2609 1319 2693 interpretibus
1342 2609 1470 2692 scripsit
1491 2607 1529 2670 F.
1551 2604 1675 2670 Ritschl

274 2711 807 2799 (11.1111Ρ1111ς11357111.)
831 2713 996 2799 profectus
1013 2724 1069 2778 est.
1114 2713 1265 2798 leguntur
1287 2723 1395 2777 autem
1418 2711 1506 2798 apud
1521 2711 1676 2775 Rufinum

273 2817 368 2881 haec:
399 2810 594 2882 ‘mensuram
626 2840 695 2881 esse
727 2820 758 2881 in
786 2818 905 2881 fabulis
936 2819 1011 2900 [hoc
1039 2827 1086 2881 est
1113 2819 1251 2899 metron]
1281 2819 1423 2881 Terentii
1455 2826 1486 2880 et
1508 2815 1613 2880 Plauti
1645 2824 1676 2878 et

274 2933 453 2988 ceterorum
476 2925 671 2987 comicorum
694 2931 725 2986 et
747 2925 944 3005 tragicorum
960 2923 1071 2986 dicunt
1086 2922 1133 2986 hi:
1157 2923 1281 3006 Cicero,
1305 2922 1456 3004 Scaurus
1480 2922 1675 3002 Firmianus,

273 3028 387 3112 Varro,
416 3029 608 3110 Victorinus,
638 3026 771 3092 Caesius
794 3028 925 3110 BassuS,
953 3028 1176 3110 Terentianus,
1206 3026 1363 3092 Caecilius
1388 3025 1530 3109 Vindex,
1559 3023 1674 3108 Cinna,

273 3132 423 3216 Sisenna,
454 3132 639 3214 Diomedae,
671 3131 817 3216 Albinus,
850 3132 1075 3216 Quintilianus,
1107 3133 1271 3217 Sosipater
1300 3131 1475 3214 CharisiuS,
1506 3129 1675 3211 Helonius,

273 3237 389 3322 Asper,
417 3237 465 3300 Fl.
491 3237 606 3322 Caper,
629 3237 811 3320 Arruntius,
839 3237 975 3320 ProbuS,
1003 3237 1135 3320 Plinius,
1163 3237 1351 3321 Euanthius,
1380 3236 1539 3300 Sacerdos
1565 3237 1677 3319 quiet

272 3343 430 3426 Donatus,
446 3341 547 3406 Iuba’.
587 3363 692 3426 neque
709 3364 785 3405 vero
801 3341 834 3404 hi
851 3364 970 3424 omnes,
987 3341 1073 3427 quod
1090 3364 1147 3426 per
1163 3364 1196 3404 sc
1212 3350 1309 3427 patet,
1326 3343 1424 3405 iustos
1440 3343 1472 3403 iu
1487 3340 1675 3404 Terentium
1742 3395 1745 3404 .

274 3449 516 3511 commentarios
533 3448 800 3531 conscripserunt.
840 3456 926 3510 certe
942 3448 972 3510 in
991 3446 1117 3510 scholiis
1134 3447 1324 3510 Donatianis
1339 3446 1437 3530 Aspri
1453 3454 1485 3508 11
1500 3443 1625 3526 Probri,
1642 3451 1675 3506 ut

272 3541 393 3635 Nigidii
413 3561 445 3614 et
461 3551 641 3634 Adesionisr,
662 3553 780 3614 mentio
801 3559 925 3614 tantum
945 3552 1083 3633 inicitur,
1104 3550 1232 3614 Helenii
1248 3573 1325 3614 vero
1341 3550 1488 3632 Acronis,
1508 3548 1557 3612 Fl.
1575 3546 1674 3633 Capri

273 3654 482 3740 Arruntiique
505 3655 590 3720 Celsi
618 3666 674 3720 aut
697 3657 916 3719 commentarii
939 3657 1124 3720 Terentiani
1153 3655 1270 3720 diserte
1299 3664 1589 3719 commemorantur
1619 3661 1675 3716 aut

272 3760 352 3823 tales
372 3760 592 3824 adnotationes
612 3759 811 3844 adferuntur,
834 3783 916 3844 quae
939 3784 981 3824 ex
1001 3763 1238 3825 commentariis
1255 3760 1461 3846 depromptae
1479 3781 1548 3822 esse
1563 3756 1673 3821 viden-

272 3874 333 3928 tur.
380 3864 420 3927 dc
448 3864 496 3927 his
524 3867 619 3949 igitur
646 3864 873 3948 interpretibus
901 3888 1007 3949 agam,
1039 3888 1101 3929 non
1133 3868 1207 3950 quia
1235 3866 1377 3929 nondum
1405 3864 1446 3928 de
1475 3865 1519 3926 eis
1541 3862 1673 3926 uberius

274 3968 468 4054 disputatum
494 3979 550 4052 ost,
574 3969 632 4032 sed
656 3972 731 4054 quia
753 3969 813 4033 loci
838 3969 954 4054 quibus
977 3973 1181 4034 nominantur
1203 3971 1279 4034 mihi
1301 3969 1482 4054 diligentius
1499 3989 1596 4053 quam
1619 3965 1673 4029 ad·

272 4074 335 4137 hue
358 4075 477 4138 factum
509 4084 556 4138 est
585 4074 768 4159 explicandi
800 4097 870 4137 esse
894 4074 1085 4161 videntur.⁴)
1130 4085 1226 4160 atque
1258 4075 1298 4138 de
1321 4075 1451 4138 Acrone
1481 4075 1546 4137 iam
1576 4092 1673 4155 supra

377 4249 468 4315 1)1.],
488 4249 517 4298 fr.
532 4250 643 4316 XXVII,
658 4267 683 4315 p.
697 4251 712 4298 5
726 4250 762 4298 M.

376 4336 397 4402 2)
417 4339 444 4386 11
463 4337 538 4386 libris
557 4353 637 4387 manu
656 4339 760 4402 scriptis
779 4342 884 4386 tantum
903 4334 1008 4386 ‘irritor’
1027 4339 1134 4404 legitur.

375 4423 397 4492 ³)
415 4424 448 4474 cf.
472 4424 532 4474 edit.
556 4423 681 4473 Muelleri
704 4425 856 4474 adversaria
879 4425 892 4472 I
915 4424 978 4490 (vol.
1000 4425 1036 4490 Il)
1063 4443 1088 4491 p.
1110 4428 1161 4475 241
1185 4432 1212 4476 11
1237 4426 1286 4475 Th.
1309 4427 1457 4475 Mommsen
1480 4424 1596 4473 Hermae
1619 4419 1670 4470 vol.

272 4513 339 4563 XIII
357 4530 381 4578 p.
395 4515 445 4562 559

376 4598 398 4666 ⁴)
418 4599 450 4648 de
469 4599 510 4648 his
530 4600 651 4648 omnibus
670 4599 794 4648 disseruit
811 4599 842 4647 L.
856 4599 978 4665 Schopen
996 4602 1024 4648 in
1044 4601 1137 4650 libello
1156 4602 1188 4651 de
1201 4602 1326 4651 Terentio
1345 4606 1372 4650 11
1390 4601 1496 4650 Donato
1516 4600 1573 4648 eius
1591 4599 1670 4646 inter·

276 4694 351 4755 prete
370 4705 395 4752 p.
409 4689 442 4736 30
455 4703 519 4750 sqq,
539 4687 570 4734 cf.
591 4687 621 4735 G.
635 4686 660 4736 S.
674 4686 803 4751 Suringar
820 4686 890 4735 Hist.
904 4689 960 4737 crit.
973 4688 1055 4741 schol.
1073 4689 1158 4738 Lat.1
1178 4691 1210 4738 77
1223 4705 1279 4753 sqq.
1299 4687 1378 4752 locos,
1401 4689 1497 4753 quibus
1516 4698 1669 4735 commemo·
