3542 5059
99 32 412 334 A

233 402 377 468 Terentii
390 398 561 466 virtutibus
577 399 664 464 facta
680 401 815 485 scriptor
837 408 926 464 recte
949 399 991 464 ad
1014 400 1157 486 singulas
1182 401 1368 467 comoediae
1392 405 1517 489 species
1532 425 1638 467 rever·

233 517 330 592 tatur,
350 505 409 571 sed
423 514 596 570 tractatum
611 513 742 591 propter
762 507 993 569 sententiarum
1007 505 1247 592 verborumque
1263 516 1465 592 concentum,
1486 509 1541 594 qui
1554 509 1638 573 inter

233 613 321 679 locos
340 610 460 697 aliquot
480 611 548 674 eius
569 618 602 673 et
615 609 736 674 Donati
754 608 990 695 praefationum
1009 611 1078 674 sine
1099 609 1196 676 dubio
1213 610 1357 676 adhunc
1379 614 1485 699 ipsum
1498 611 1637 676 referen-

235 717 349 784 darum
364 713 544 800 intercedit,
560 723 661 780 totum
677 713 718 778 ab
734 713 895 778 Euanthio
910 713 1114 801 abiudicat.1)
1137 737 1243 801 neque
1258 725 1365 782 tamen
1382 716 1469 803 quod
1483 726 1638 803 expectes

235 825 363 889 Donato
391 842 465 885 eum
488 828 589 884 totum
611 817 664 883 uel
686 827 812 904 partem
835 816 976 905 aliquam
998 818 1118 903 tribuit,
1145 819 1204 885 sed
1226 830 1357 907 propter
1378 831 1475 887 tenue
1498 831 1531 887 et
1552 821 1638 886 exile

227 925 366 993 ,dicendi
380 948 494 1012 genus,
517 932 649 1010 propter
664 922 826 1009 quaedam
840 922 982 989 absurde
998 923 1085 990 dicta
1101 934 1133 990 et
1147 928 1228 990 mire
1245 926 1378 992 confusa
1393 926 1480 991 hunc
1494 925 1638 992 libellum

236 1057 255 1098 a
278 1029 456 1118 magistello
485 1030 587 1116 quinti
609 1029 678 1093 fere
706 1027 826 1094 saeculi
848 1029 983 1094 aliorum
1010 1040 1107 1116 atque
1134 1033 1166 1095 in
1189 1033 1299 1118 primis
1322 1031 1442 1096 Donati
1465 1033 1639 1119 scriptioni-

236 1138 297 1202 bus
321 1134 471 1202 adhibitis
496 1136 705 1220 compositum
729 1156 800 1200 esse
824 1133 996 1200 contendit.
1035 1144 1068 1200 at
1090 1144 1125 1200 ut
1147 1139 1286 1222 primum
1309 1135 1351 1201 de
1371 1135 1502 1201 dicendi
1519 1157 1639 1221 genere

236 1241 339 1308 verba
360 1240 527 1322 faciamus,
554 1240 698 1325 profecto
721 1260 786 1303 non
813 1248 870 1323 est,
900 1260 958 1304 cur
980 1239 1177 1306 Euanthium
1204 1241 1260 1306 tali
1282 1263 1428 1306 sermone
1451 1263 1546 1306 usum
1568 1263 1639 1306 esse

237 1367 402 1433 negemus.
448 1343 566 1409 deinde
590 1366 674 1430 quae
698 1343 738 1408 de
755 1343 889 1408 Homeri
905 1343 1008 1408 Iliade
1031 1354 1063 1409 et
1079 1344 1221 1432 Odyssia
1235 1346 1266 1430 4,
1282 1346 1362 1432 bsq.
1386 1347 1537 1433 leguntur
1552 1355 1639 1410 certe

236 1448 462 1522 nonabsurda
482 1448 621 1513 dicenda
641 1458 725 1531 sunt,
746 1470 820 1513 cum
840 1448 999 1513 simillima
1018 1451 1051 1514 in
1067 1449 1248 1516 Aristotelis
1268 1450 1349 1515 libro
1370 1450 1411 1515 de
1430 1460 1499 1516 arte
1514 1451 1640 1536 poetica

237 1557 267 1640 4,
283 1579 314 1642 p.
335 1552 451 1618 1448b
475 1552 720 1639 invenianturl)
758 1574 863 1638 neque
879 1552 983 1638 magis
998 1555 1031 1617 in
1047 1556 1093 1618 eis
1109 1576 1192 1641 quae
1209 1554 1250 1619 de
1266 1554 1432 1621 comoedia
1448 1565 1479 1620 et
1494 1555 1639 1620 dramate

239 1661 377 1748 satyrico
402 1659 602 1724 Graecorum
631 1667 663 1722 et
685 1659 784 1722 satira
806 1658 1025 1722 Romanorum
1048 1659 1079 1741 5,
1101 1657 1207 1724 7-15
1230 1660 1413 1726 referuntur
1435 1659 1590 1744 offendes,
1613 1661 1640 1723 si

237 1766 437 1851 reputaveris
454 1763 634 1828 Varronem
657 1771 788 1848 propter
810 1765 991 1847 argumenti
1014 1761 1254 1828 similitudinem
1276 1763 1476 1829 comoediam
1497 1773 1641 1828 veterem

239 1869 439 1936 Graecorum
460 1877 492 1933 et
511 1869 642 1932 satiram
657 1867 875 1932 Romanorum
896 1867 1175 1954 comparavisse.³)
1220 1868 1335 1954 quodsi
1358 1892 1400 1933 ex
1419 1869 1553 1934 Horatio
1573 1869 1639 1934 Sat.

237 1976 254 2040 I
269 1975 300 2059 4,
319 1974 335 2037 1
353 1995 421 2061 sqq.
446 1982 478 2037 et
500 1973 593 2038 Livio
609 1971 674 2037 VII
689 1971 719 2054 2,
737 1972 757 2036 6
773 1994 842 2058 sqq.
866 1971 1011 2037 homines
1036 1972 1145 2038 doctos
1168 1972 1255 2038 illam
1270 1973 1426 2039 Va1ronis
1449 1976 1640 2040 sententiam

238 2080 315 2144 alios
345 2077 406 2143 alio
437 2076 531 2141 modo
561 2078 785 2163 interpretatos
817 2098 887 2142 esse
919 2079 1152 2163 cognoscimus,
1182 2100 1259 2143 num
1287 2077 1320 2142 id
1342 2078 1532 2144 mirabimur
1554 2075 1641 2163 quod

238 2185 468 2270 grammaticus
492 2183 598 2267 quarti
620 2204 651 2267 p.
676 2180 735 2246 Ch.
759 2205 790 2246 n.
815 2181 935 2247 saeculi
964 2185 1095 2247 satiram
1116 2183 1334 2248 Romanorum
1361 2207 1381 2248 a
1406 2193 1518 2248 vetere
1541 2183 1641 2250 Grae-

239 2311 348 2354 corum
372 2286 538 2353 comoedia
560 2286 738 2372 profectam
761 2309 831 2351 esse
855 2286 938 2351 dixit
960 2289 1013 2370 ita,
1036 2287 1172 2352 utillud
1197 2286 1384 2369 Quintiliani
1405 2288 1483 2352 Inst.
1500 2310 1544 2353 or.
1560 2288 1594 2351 X
1612 2288 1640 2372 1,

239 2393 282 2458 93
304 2385 413 2458 ‘satira
437 2442 494 2457 ...
518 2401 585 2456 tota
608 2401 715 2457 nostra
739 2387 798 2456 est'
821 2394 948 2457 omnino
976 2414 1040 2457 nou
1063 2392 1212 2457 curaret?
1256 2415 1362 2478 neque
1384 2395 1487 2478 magis
1509 2400 1586 2479 puto
1608 2391 1642 2455 id

239 2499 356 2564 mirum
378 2496 469 2562 uobis
486 2494 658 2579 videbitur,
682 2496 778 2583 quod,
803 2519 877 2562 oum
900 2495 942 2560 de
965 2498 1082 2562 satirae
1105 2498 1241 2562 nominis
1264 2499 1385 2584 origine
1405 2496 1558 2583 disputat,
1580 2497 1642 2560 hoc

240 2627 260 2668 a
282 2604 399 2690 satyris
423 2601 636 2667 derivandum
659 2623 730 2666 esse
753 2599 870 2681 dieite
898 2602 968 2666 aliis
991 2623 1075 2688 quae
1097 2602 1242 2690 prolatae
1269 2612 1361 2668 erant
1383 2601 1644 2690 originationibus

239 2717 404 2794 tamquam
431 2708 540 2793 pravis
567 2705 734 2792 reiectis.⁵)
781 2728 823 2770 ex
851 2708 1049 2792 argumentis
1075 2709 1173 2792 igitur
1199 2729 1219 2771 a
1245 2705 1395 2773 Teubero
1422 2707 1553 2794 prolatis
1581 2707 1645 2772 duo

240 2822 365 2879 tantum
387 2821 564 2892 remanent,
591 2834 701 2895 unum,
731 2810 870 2898 quod
840 2809 858 2874 7
896 2809 914 2874 7
938 2813 1057 2898 optimc
1084 2834 1158 2876 cum
1186 2813 1232 2876 eis
1259 2833 1343 2898 quae
1370 2811 1567 2877 antecedunt
1594 2833 1644 2875 co-

240 2918 455 2984 haere1e
392 2926 455 2983 s
456 2915 668 2994 uitalterum
688 2914 775 3001 quod
794 2918 877 2982 inter
897 2918 1037 3002 priorem
1056 2925 1140 2984 tract
1141 2925 1212 2982 atus
1227 2925 1353 3003 partem
1369 2926 1401 2981 et
1415 2918 1536 2982 Donati
1554 2939 1645 3003 prae-

240 3024 375 3088 fationes
398 2941 619 3087 similitudines
642 3020 832 3107 quasdam
823 3030 870 3086 1nt
858 3021 1025 3086 terccderc
1041 3021 1127 3106 dicit,
1151 3043 1235 3108 quac
1257 3020 1300 3086 ad
1324 3022 1564 3109 compilatorem
1588 3022 1644 3107 qui

241 3128 363 3193 Donati
385 3149 483 3214 opere
505 3148 582 3191 usus
605 3127 702 3191 fuerit
724 3125 867 3192 redeant.
914 3125 972 3191 sed
997 3128 1023 3191 si
1046 3125 1229 3212 diligentius
1252 3128 1545 3192 examinaverimus
1568 3124 1646 3211 quid

242 3233 302 3298 sibi
325 3234 460 3318 scriptor
481 3229 687 3296 tractandum
709 3232 920 3317 proposuerit,
944 3233 1049 3319 potius
1071 3233 1211 3318 priorem
1233 3240 1359 3317 partem
1384 3233 1556 3297 commenti
1577 3229 1645 3315 7,6

242 3338 327 3402 finiri
358 3335 622 3401 existimabimus.
668 3357 743 3400 uam
775 3334 816 3400 de
834 3333 941 3400 'initiis
970 3335 1157 3422 tragoediae
1187 3345 1220 3401 et
1250 3336 1435 3402 comoediae
1464 3336 1645 3421 horumque

346 3579 367 3648 1)
386 3581 418 3630 cf.
432 3581 475 3631 Tr.
490 3581 514 3642 5,
527 3583 683 3644 22...6,4
702 3585 729 3632 et
747 3581 829 3647 praei.
846 3580 928 3632 Andr.
947 3582 971 3644 5,
989 3583 1065 3646 3sq.,
1083 3580 1153 3632 Eun.
1174 3583 1215 3644 10,
1232 3584 1308 3646 6sq.,
1326 3581 1376 3633 Ad.
1389 3584 1491 3646 7,1sq.
1511 3609 1544 3619 -
1563 3582 1606 3631 Tr.
1620 3583 1645 3641 6,

244 3671 323 3736 Isqq.
348 3674 376 3719 et
398 3669 480 3734 praef.
499 3668 618 3729 anons,
631 3670 707 3733 4sq.,
729 3669 817 3733 Adi,
833 3671 863 3718 15
876 3684 924 3733 sq.
948 3669 1014 3720 Hoc.
1030 3671 1071 3732 12,
1084 3671 1130 3734 23,
1155 3671 1196 3730 13,
1209 3671 1225 3719 9
1244 3697 1276 3705 -
1295 3670 1378 3733 Tne,
1392 3671 1424 3718 13
1434 3685 1490 3734 sqq.
1513 3674 1540 3719 st
1562 3668 1645 3734 praef.

244 3757 311 3808 Hec
327 3757 368 3818 12,
381 3758 415 3805 24
428 3771 484 3820 sqq
498 3783 530 3792 -
544 3756 588 3806 '.I'r.
602 3757 617 3806 7
620 3757 722 3822 ,.4sqq
742 3761 769 3806 et
785 3756 869 3822 praef.
888 3756 994 3806 Phorm
1010 3758 1051 3820 14,
1064 3758 1097 3806 20
1107 3771 1163 3822 sqq

346 3840 420 3910 ²)cf.
439 3843 469 3894 F.
487 3843 543 3894 Leo
561 3844 629 3894 Mus
642 3843 728 3894 Rhea.
742 3843 886 3894 XXXVIII
905 3845 955 3894 327
978 3844 1055 3897 eta.
1074 3843 1319 3894 Scheidemantel
1312 3860 1341 3894 m
1360 3844 1559 3908 dissertationis,
1576 3859 1647 3949 quae

243 3931 410 3982 inscribitur·
430 3927 614 3992 ‘Quaestiones
632 3927 830 3981 Euanthiauae'
848 3931 957 3997 Lipsiae
975 3946 999 3981 a.
1020 3932 1087 3982 1883
1106 3932 1263 3996 emissaep.
1277 3933 1316 3982 10.
1532 3948 1534 3951 ·

347 4016 401 4085 ³)c
387 4019 420 4070 cf.
439 4034 508 4083 quae
526 4017 598 4084 apud
616 4017 781 4082 Diomedem,
801 4019 876 4068 ouius
895 4019 1033 4084 praecipui
1051 4018 1138 4069 fontes
1156 4020 1240 4070 Varro
1263 4022 1291 4068 et
1308 4018 1451 4069 Suetonius
1468 4023 1538 4077 sunt,
1564 4017 1595 4067 G.
1614 4017 1646 4066 L.

243 4109 256 4157 I
274 4107 325 4157 485
348 4105 482 4172 leguntur.
518 4104 587 4156 adde
604 4120 675 4172 quae
692 4107 722 4158 F.
741 4107 797 4156 Leo
816 4106 933 4156 Hermae
951 4104 1004 4156 vol.
1017 4106 1123 4156 XXIIII
1141 4107 1174 4156 37
1186 4121 1244 4170 sqq.
1267 4110 1294 4156 et
1312 4107 1380 4156 Mus.
1397 4106 1484 4156 Rhea.
1503 4103 1647 4153 XXXVIII

244 4195 294 4245 327
308 4209 373 4258 sqq,
392 4193 422 4244 Ο.
436 4192 504 4244 Iahn
522 4193 640 4244 Hermas
657 4192 711 4244 vol.
723 4193 751 4242 II
769 4195 819 4244 225
833 4208 890 4258 sqq.
909 4198 936 4243 et
954 4193 1022 4244 Mus.
1035 4193 1121 4244 Rhea.
1134 4193 1214 4244 VIIII
1232 4195 1283 4243 629
1296 4209 1335 4259 sq.
1353 4193 1564 4258 disputaverunt.

346 4279 369 4346 4)
388 4279 481 4331 eadem
505 4281 640 4330 sententia
662 4279 761 4346 legitur
783 4280 856 4345 apud
877 4280 1036 4330 Diomedem
1059 4298 1084 4346 p.
1098 4281 1158 4341 485,
1177 4281 1211 4330 34
1223 4295 1279 4345 sqq.
1303 4296 1335 4331 ac
1352 4281 1464 4331 tortasse
1484 4280 1514 4328 in
1531 4282 1647 4327 tractatu

244 4368 269 4431 5,
288 4368 303 4417 7
323 4372 350 4417 et
369 4369 384 4416 9
403 4383 463 4419 oum
482 4367 573 4418 codice
591 4368 726 4418 Parisiaco
745 4363 850 4432 ‘satyra‘
869 4367 1039 4418 scribendum
1057 4372 1116 4419 est·
1165 4399 1167 4401 >

346 4451 369 4521 ¹⁵)
387 4456 543 4521 scriptorem
561 4455 689 4506 Varronis
707 4454 740 4504 de
758 4454 856 4505 satirae
874 4455 990 4506 nominis
1012 4455 1116 4520 origine
1134 4455 1294 4505 sententiam
1313 4455 1468 4519 cognovisse
1486 4453 1597 4502 fortasse
1615 4467 1647 4501 eo

238 4542 379 4607 probatur,
398 4542 468 4607 quod
480 4542 573 4593 eodem
585 4541 662 4593 modo
676 4558 729 4607 quo
741 4541 884 4592 Dromedes
903 4542 1019 4593 rettulit:
1038 4537 1173 4592 ‘satira'.‘.
1188 4558 1230 4593 .a
1247 4540 1362 4606 quodam
1379 4555 1478 4606 genere
1490 4539 1647 4599 farciminis

244 4629 315 4693 quod
334 4629 424 4680 multis
442 4630 521 4680 rebus
539 4630 667 4680 refertum
685 4633 802 4680 saturam
821 4629 886 4678 dicit
904 4631 989 4680 Varro
1008 4626 1202 4680 vocitatum
1221 4631 1245 4689 5,
1259 4631 1342 4693 Isqq
1361 4628 1428 4678 haec
1446 4627 1517 4692 apud
1524 4643 1591 4676 eum
1610 4626 1646 4674 le·

244 4721 355 4780 guntur:
374 4713 565 4766 ‘sati1a...a
583 4718 679 4780 satyris
697 4717 845 4766 vocitata
863 4714 920 4767 est'
