3542 5059
1607 160 1650 225 65

251 352 459 436 substantivo,
484 351 526 417 ad
547 351 633 439 quod
656 352 804 435 refertur,
829 351 887 416 sed
904 373 977 415 cum
994 352 1179 416 accusativo
1193 350 1413 437 praedicativo
1437 373 1615 437 congruere
1626 351 1651 439 ¹)

250 456 407 521 videmus.
454 455 539 523 adde
563 456 648 543 quod
664 456 761 521 Ther.
778 455 842 521 802
865 460 1007 541 μάστακι
1024 508 1031 521 .
1049 508 1055 521 .
1075 508 1082 523 .
1098 454 1268 540 ἐναλίγκια,
1292 453 1346 521 τού
1369 450 1406 521 θ’
1420 456 1500 541 ὑπὲρ
1524 456 1649 543 ἄκρων)

250 555 422 646 ἱστάμενοι
446 559 576 648 ἀθύρων
600 612 658 626 ...
682 564 801 642 στάχυν
823 562 1034 643 ἐκβόσκοντατ
1056 558 1112 646 (de
1136 582 1198 645 quo
1220 559 1291 624 loco
1315 560 1355 624 cf.
1371 560 1397 625 I.
1416 560 1455 625 0.
1473 560 1653 626 Schneider

252 689 318 731 cur.
334 675 415 751 post.
432 689 463 752 p.
477 664 555 752 266)
572 675 604 729 et
620 664 671 731 ΑΙ.
684 664 748 727 446
768 662 921 751 μελίσσης
941 716 948 727 .
967 716 973 729 .
992 657 1394 751 .(Υμησσ16ος,αῗτ’ἀντὸ
1410 667 1531 750 μόσχου
1551 664 1555 749 Ι
1575 667 1652 754 σκή-

251 794 320 848 νεος
335 767 512 852 ἐξεγένοντο
533 772 632 835 oratio
652 793 672 834 a
693 769 858 833 collectivo
879 770 1033 855 singulari
1054 771 1086 833 in
1106 771 1269 833 enuntiato
1289 768 1422 833 relativo
1437 769 1479 832 ad
1495 769 1653 855 pluralem

249 871 402 958 transit.²)
428 896 491 938 uno
518 884 643 939 tantum
668 874 737 938 loco
765 872 875 960 (Ther.
902 872 979 960 759)
1008 874 1244 939 substantivum
1270 876 1303 937 in
1330 875 1493 937 enuntiato
1520 873 1652 939 relativo

251 976 353 1064 ipso³)
377 978 507 1062 legitur:
530 977 650 1066 φράζεο
673 974 704 1043 d'
726 978 917 1061 Αἰγύπτοιο
939 982 980 1042 τά
995 1000 1030 1043 τε
1045 977 1156 1064 τρέφει
1171 978 1285 1056 οὐλοὸς
1306 969 1363 1043 αἶα
1383 978 1388 1061 Ι
1406 977 1564 1059 κνώδαλα,
1589 1000 1653 1063 quo

251 1082 320 1147 loco
335 1092 503 1168 practerea
516 1081 595 1147 illud
610 1083 776 1147 observari
787 1091 893 1167 potest
907 1104 1082 1167 pronomen
1098 1083 1270 1146 relativum
1289 1084 1438 1167 genetivo
1454 1082 1653 1166 Αἰγύπτοιο,

252 1189 305 1271 qui
328 1187 371 1251 ad
394 1189 645 1257 enuntiationem
669 1188 838 1251 relativam
860 1189 1009 1273 pertinet,
1033 1189 1244 1273 postpositum
1266 1209 1330 1251 non
1345 1189 1484 1272 prima-m
1500 1188 1655 1252 enuntiati

250 1291 376 1356 relativi
395 1292 506 1356 sedem
526 1291 681 1376 obtinere,
706 1291 792 1378 qnod
813 1291 938 1356 deloco
954 1291 1006 1356 ΑΙ.
1023 1291 1064 1355 21
1088 1292 1214 1373 τεύχους
1235 1290 1273 1380 ἢν
1294 1289 1475 1379 κραδίην..
1494 1288 1655 1356 ,κλείουσι

251 1418 377 1481 quoque
401 1398 487 1462 valet
509 1419 614 1483 neque
638 1399 743 1462 minus
767 1395 809 1461 de
831 1396 909 1461 locis
932 1396 1030 1461 Ther.
1052 1395 1112 1459 811
1139 1407 1172 1460 et
1193 1396 1245 1460 ΑΙ.
1265 1395 1337 1480 100,
1361 1395 1477 1482 quibus
1501 1396 1655 1459 enuntiati

250 1499 375 1565 relativi
403 1502 583 1566 subiectum
610 1504 789 1588 pronomini
817 1502 951 1566 relativo
978 1500 1177 1587 praecedere
1204 1500 1362 1565 videmus.
1408 1500 1568 1565 accedunt
1593 1500 1655 1564 loci

251 1603 349 1669 Ther.
369 1604 440 1689 168,
464 1605 520 1669 ubi
542 1605 714 1671 relativum
737 1630 756 1669 a
779 1608 966 1691 pronomine
994 1605 1246 1670 demonstrativo
1268 1614 1325 1693 τῆς
1346 1603 1477 1689 pendet,
1500 1614 1532 1668 et
1555 1603 1653 1668 Ther.

250 1708 324 1793 495,
352 1731 415 1796 quo
442 1710 612 1775 relativum
638 1710 679 1775 ab
708 1711 867 1775 adiectivo
893 1714 1001 1775 πάντα
1028 1719 1139 1795 aptum
1171 1718 1229 1775 est.
1274 1708 1324 1773 bis
1355 1710 1451 1795 igitur
1482 1708 1559 1773 locis
1585 1731 1654 1794 per-

250 1813 391 1879 lustratis
406 1816 471 1879 iam
486 1837 591 1900 pauca
607 1824 730 1880 restant
743 1814 868 1879 relativi
883 1817 1011 1899 generis
1028 1817 1192 1880 enuntiata
1208 1823 1304 1899 atque
1322 1836 1370 1897 ea,
1387 1835 1471 1899 quae
1485 1813 1654 1897 vocabulo,

250 1917 293 1981 ad
324 1919 409 2004 quod
437 1918 627 2004 referantur,
650 1928 790 1998 carent:
836 1918 934 1986 Ther.
957 1919 1030 1998 276,
1055 1917 1157 2005 3363)
1182 1917 1255 2001 799,
1279 1916 1381 2004 8113)
1405 1916 1456 1983 ΑΙ.
1477 1916 1553 2000 429,
1579 1916 1653 1982 490.

355 2022 452 2102 Quod
486 2034 595 2089 autem
628 2023 671 2089 ad
707 2027 778 2109 ipsa
810 2026 1001 2110 pronomina
1037 2024 1173 2088 relativa
1210 2022 1349 2106 adtinet,
1382 2021 1478 2107 longe
1510 2021 1654 2108 plurimis

251 2124 483 2212 (XXXXVIII
494 2128 604 2212 Ther,
621 2128 722 2192 XXX
734 2126 802 2214 ΑΙ.)
818 2129 896 2193 locis
912 2126 956 2208 ὅς,
971 2131 1001 2215 Ι),
1017 2126 1038 2194 ὅ
1052 2136 1236 2212 usurpatur,
1252 2129 1355 2191 rarius
1372 2125 1482 2212 (XVies
1497 2128 1529 2190 in
1545 2126 1654 2211 Ther„

250 2230 349 2295 XIIies
364 2234 397 2296 in
412 2231 478 2318 ΑΙ.)
502 2234 529 2313 δ’,
545 2236 575 2321 il,
591 2236 640 2313 τό,
657 2233 743 2319 quod
759 2243 795 2297 ut
810 2232 981 2297 adhiberet
995 2243 1100 2319 poeta,
1117 2233 1306 2319 plerumque
1322 2232 1498 2296 rationibus
1515 2234 1654 2296 metricis

253 2334 412 2401 adductus
436 2347 494 2421 est,
519 2337 618 2403 veluti
641 2346 676 2402 ut
698 2338 793 2403 modo
817 2338 940 2403 hiatum
962 2340 1091 2403 vitaret:
1137 2337 1234 2402 Ther.
1251 2337 1304 2421 66,
1326 2337 1378 2421 74,
1397 2337 1472 2420 411,
1490 2336 1564 2421 536,
1580 2337 1653 2417 566,

252 2439 324 2524 738,
350 2441 423 2525 759,
448 2442 521 2525 760,
546 2441 619 2527 802,
644 2442 718 2526 832,
741 2442 793 2509 ΑΙ.
809 2443 863 2526 47,
887 2443 940 2523 51,
967 2443 1037 2523 156,
1061 2442 1135 2522 271,
1158 2442 1233 2521 403,
1257 2442 1331 2524 406,
1359 2441 1433 2525 525,
1458 2440 1536 2524 589,
1560 2442 1655 2507 modo

250 2544 412 2630 syllabam
433 2545 644 2632 produceret:
680 2547 776 2611 Ther.
801 2547 865 2611 579
890 2556 922 2611 et
944 2547 996 2612 ΑΙ.
1017 2546 1092 2631 539,
1115 2546 1210 2611 modo
1233 2547 1326 2612 brevi
1349 2546 1474 2632 syllaba
1497 2554 1654 2611 uteretur:

250 2648 346 2714 Ther.
365 2649 428 2713 734
444 2660 475 2715 et
491 2649 595 2737 7996)
622 2673 696 2715 raro
719 2660 843 2716 tantum
866 2674 904 2715 eo
927 2652 1015 2735 Ιοοίε,
1039 2651 1154 2737 quibus
1177 2653 1270 2715 metri
1292 2651 1364 2735 lege
1387 2673 1450 2715 non
1473 2653 1654 2736 requiritur,

250 2774 327 2818 usus
355 2764 419 2819 est:
464 2755 561 2820 Ther.
583 2755 661 2835 537,
686 2755 765 2840 958,
788 2756 839 2820 ΑΙ.
860 2755 937 2840 149,
959 2756 1034 2840 466,
1058 2754 1162 2842 5193)
1208 2754 1258 2819 bis
1281 2754 1393 2841 (Ther.
1412 2754 1474 2818 725
1498 2765 1530 2818 et
1552 2754 1603 2821 ΑΙ.
1621 2756 1654 2843 2)

249 2859 448 2941 pronominis
470 2860 690 2944 interrogativi
712 2860 835 2925 formae
858 2871 913 2925 τεῦ
936 2871 968 2925 et
989 2857 1069 2926 τέων
1092 2862 1124 2924 vi
1147 2859 1281 2924 relativa
1304 2858 1468 2923 adhibitae
1492 2869 1578 2944 sunt,
1614 2860 1654 2924 de

251 2984 314 3048 quo
337 2985 397 3027 usu
422 2967 572 3050 exposuit
594 2964 633 3029 0.
650 2964 831 3030 Schneider
853 2965 997 3050 prolegg.
1014 2988 1046 3050 p.
1066 2963 1126 3028 157
1151 2974 1184 3029 ct
1205 2967 1237 3028 in
1261 2962 1654 3050 ed.callim.1p.442.⁸)

353 3346 376 3413 ²)
394 3348 423 3397 hi
445 3348 498 3398 loci
517 3349 542 3398 ei
559 3349 652 3413 generi
670 3347 864 3397 adnumerandi
882 3352 953 3410 sunt,
971 3363 1024 3412 qno
1046 3350 1154 3398 nomina
1171 3348 1270 3399 adferri
1288 3366 1312 3415 p.
1327 3352 1360 3399 63
1378 3351 1505 3414 diximus3
1524 3352 1656 3403 contraria

250 3439 339 3485 autem
358 3437 426 3484 ratio
444 3437 588 3500 conspicua
606 3440 646 3485 ost
664 3434 729 3484 locis
741 3434 783 3485 Al.
797 3436 848 3484 429
867 3440 895 3485 et
913 3436 977 3485 49οτ
995 3435 1041 3485 καὶ
1059 3435 1092 3500 ἢν
1111 3436 1246 3503 Πέρσειον
1265 3436 1462 3505 (Προμένειον)
1482 3436 1604 3489 ἕπουσιν.

354 3520 376 3587 ⁹)
395 3522 465 3587 quod
483 3523 556 3573 valet
578 3538 684 3587 quoque
707 3522 740 3572 de
767 3522 825 3571 loco
848 3523 928 3572 Ther.
947 3523 997 3572 276
1020 3521 1184 3586 tardauerat,
1212 3516 1268 3575 οἷσι
1293 3528 1488 3592 κεράστης...
1509 3523 1655 3596 ἔνιχραύσῃ

250 3608 416 3673 κονύδοντα,
436 3610 469 3659 cf.
487 3609 518 3660 0.
531 3609 686 3661 Schneideri
704 3609 764 3659 adn.
783 3610 816 3659 ad
829 3610 907 3660 Ther.
921 3612 969 3659 201
990 3615 1018 3660 et
1035 3610 1163 3661 Kuebner
1180 3612 1206 3661 II
1225 3613 1258 3661 50
1269 3629 1294 3673 α,
1312 3614 1358 3677 qui
1377 3613 1425 3662 hos
1437 3614 1548 3663 Homeri
1565 3630 1656 3663 versus

250 3697 358 3748 adtulit:
376 3714 400 3764 μ
418 3699 462 3758 97,
480 3695 504 3753 Ξ
514 3699 574 3758 410,
593 3699 663 3759 τ40,
682 3699 769 3747 ν223.

353 3781 376 3850 ³)
394 3784 427 3834 de
445 3784 495 3835 boc
513 3785 675 3835 substantivi
693 3785 922 3835 transmutationis
940 3800 1040 3851 genero
1058 3785 1091 3835 ci.
1111 3786 1239 3836 Knehner
1251 3786 1279 3835 11
1297 3788 1345 3835 921
1366 3793 1395 3837 et
1412 3789 1475 3851 9223
1494 3787 1561 3838 adde
1579 3790 1655 3839 1338.

352 3870 375 3937 ⁴)
393 3873 500 3936 utrique
521 3872 579 3923 loco
602 3874 738 3923 notionem
756 3872 968 3923 condicionalem
991 3874 1078 3923 inesse
1100 3889 1181 3940 snpra
1199 3871 1235 3939 (p.
1250 3872 1294 3939 64)
1313 3873 1436 3935 vidimus,
1458 3875 1529 3939 quod
1551 3890 1657 3939 quoque

249 3958 328 4009 Ther.
342 3961 390 4009 731
410 3964 437 4010 et
456 3962 515 4021 763,
534 3962 631 4025 quibus
649 3960 715 4010 locis
734 3962 798 4011 item
816 3961 914 4011 vocula
934 3960 1093 4011 correlativa
1112 3977 1165 4011 non
1184 3960 1291 4027 legitur,
1309 3962 1479 4012 statuendum
1499 3967 1546 4013 est.

354 4044 377 4111 ⁸)
395 4047 428 4097 de
446 4047 497 4097 hoc
515 4047 574 4098 loca
592 4048 655 4099 vide
673 4065 698 4113 p.
712 4050 754 4097 63.

354 4131 376 4199 ⁸)
392 4133 435 4183 his
458 4134 523 4185 locis
547 4134 562 4185 6
586 4134 692 4201 legitur.
729 4134 802 4186 locos
825 4136 991 4196 Homericos,
1018 4136 1115 4199 quibus
1138 4136 1153 4184 6
1176 4151 1224 4202 pro
1247 4136 1277 4193 ὅς
1298 4136 1444 4196 invenitur,
1472 4136 1503 4185 Ε.
1521 4138 1658 4187 Lammert

252 4216 293 4270 ‘de
312 4223 513 4285 pronominibus
531 4222 650 4273 relativis
669 4219 828 4273 Homericis'
847 4240 872 4288 p.
886 4225 918 4273 18
937 4225 1077 4288 congessit

354 4305 376 4373 Ι)
394 4308 422 4358 hi
445 4309 498 4359 loci
522 4311 561 4360 ita
582 4314 645 4360 sunt
667 4312 822 4376 comparati,
845 4317 875 4360 ut
898 4316 1009 4376 excepto
1029 4311 1107 4360 Ther.
1125 4311 1185 4370 537,
1203 4311 1250 4360 ubi
1273 4310 1322 4374 τήν
1345 4316 1404 4375 post
1422 4326 1559 4361 caesuram
1578 4315 1655 4361 semi·

249 4396 399 4459 quinariam
417 4396 517 4462 legitur
535 4396 671 4464 (compara
683 4399 840 4449 Homericos
852 4398 880 4447 id
892 4414 976 4465 genus
989 4398 1061 4448 locos
1073 4414 1090 4449 a
1102 4399 1267 4448 Lammertio
1281 4415 1305 4463 p.
1321 4400 1362 4458 17,
1375 4399 1391 4447 b
1405 4397 1536 4463 collatos),
1555 4399 1655 4449 formae

250 4496 266 4531 a
284 4481 373 4532 littera
391 4500 407 4534 τ
424 4485 584 4550 incipientes
597 4491 657 4551 post
669 4501 805 4536 caesuram
818 4487 1030 4536 semiternariam
1043 4490 1147 4551 extent3
1166 4486 1199 4536 cf.
1219 4490 1245 4535 E
1256 4488 1314 4545 747,
1333 4491 1365 4535 Η
1375 4488 1434 4547 239,
1453 4486 1480 4535 Ω
1492 4488 1552 4545 449,
1571 4503 1582 4538 ε
1597 4489 1656 4547 369,

173 4640 179 4651 Ι
249 4569 535 4632 occultantes.
572 4573 623 4623 hac
641 4574 669 4623 in
688 4589 716 4624 re
734 4574 869 4624 Nicander
887 4575 1034 4623 Homerum
1053 4580 1160 4624 secutus
1178 4588 1236 4623 esse
1254 4573 1370 4623 videtur.

351 4656 373 4723 8)
392 4658 425 4709 cf.
444 4660 609 4725 Brugrnauni
628 4676 737 4727 gramm.
758 4658 864 4712 Graec?
883 4679 908 4727 p.
922 4664 970 4711 231
991 4667 1018 4713 et
1036 4661 1065 4712 O.
1080 4663 1207 4713 Irnmisch
1229 4661 1302 4712 Stud.
1323 4663 1395 4727 Lips.
1414 4661 1452 4712 Vl
1472 4664 1534 4713 310.

303 4751 467 4795 Dissertationss
480 4754 556 4805 philol.
568 4754 656 4796 vindob.
668 4755 704 4797 v1.
1483 4752 1499 4799 5
