3542 5059
216 390 288 433 cum
311 366 469 433 1517920
491 368 619 434 5555515
642 367 710 433 fere
733 367 783 432 XI
806 367 996 453 conscripsit
1019 389 1057 430 ea
1081 365 1229 451 digerere
1252 373 1284 430 et
1300 363 1470 450 disponere
1487 386 1559 429 cons

215 483 263 538 est
295 472 480 538 fabularum
514 473 669 557 ordinem,
704 474 759 559 qui
792 474 824 536 in
857 471 947 537 libris
981 457 1183 536 Terentianis
1218 471 1250 536 D
1285 478 1317 535 et
1350 469 1382 536 G
1416 471 1563 555 conspicit

215 584 355 664 secutus,
379 577 438 643 sed
461 576 682 663 magnitudine
705 587 741 642 ut
763 577 893 642 videtur
914 575 1032 642 laboris
1055 576 1227 640 deterritus
1250 597 1330 662 opus
1352 576 1501 640 suumin
1524 573 1568 638 A<

213 683 352 768 phorum
373 705 470 748 versu
494 682 510 747 I
535 683 623 767 1,40
648 684 818 767 interrupit
840 681 895 768 (cf.
919 681 1081 747 Daiatzko
1104 682 1188 746 Mus.
1212 680 1316 745 Rhen.
1340 680 1509 745 XXVIIII
1529 680 1573 743 44

214 809 321 874 neque
344 788 443 853 multo
466 788 559 874 plura
582 787 719 872 perfecit
741 789 767 851 is
791 789 846 873 qui
870 786 1016 851 codicem
1038 786 1235 851 Vaticanum
1256 784 1375 849 librum
1397 785 1543 870 Reginae
1565 783 1575 848 l

218 893 301 959 1595
325 893 454 957 saeculo
477 893 546 957 fere
569 892 654 957 XIII
677 893 835 956 exaravit.
881 891 1018 956 selectas
1041 892 1127 955 enim
1149 899 1274 954 tantum
1296 900 1405 976 partes
1427 889 1581 954 scholioru

163 1023 165 1032 ’
215 999 413 1084 conscripsit,
444 997 487 1062 ad
510 996 669 1062 Andriam
700 996 775 1060 inde
806 997 882 1061 aII
907 997 935 1081 1,
952 996 994 1060 23
1024 1017 1128 1081 usque
1158 995 1201 1059 ad
1228 1017 1359 1059 versum
1388 994 1547 1078 ultimum,
1577 1018 1586 1057 5

215 1102 410 1168 Eunuchum
437 1102 512 1167 inde
540 1102 582 1166 ab
609 1103 697 1166 initio
724 1123 826 1187 usque
854 1100 897 1165 ad
920 1123 1051 1166 versum
1073 1101 1124 1166 III
1145 1101 1223 1185 2,1,
1247 1099 1289 1164 ad
1312 1100 1480 1186 Hecyram
1502 1099 1578 1163 iude

214 1230 312 1272 versu
336 1208 385 1272 III
406 1207 496 1286 4,16
520 1229 622 1293 usque
645 1205 688 1271 ad
709 1228 840 1270 versum
863 1206 895 1270 V
910 1205 941 1290 2,
958 1205 1018 1293 81)
1064 1205 1204 1291 denique
1228 1205 1356 1269 saeculo
1379 1205 1454 1289 XV,
1477 1204 1511 1268 id
1534 1226 1594 1290 quo

216 1314 332 1378 ceteris
353 1311 544 1378 scholiorum
565 1310 729 1377 codicibus
751 1309 964 1397 edocemur‚²)
980 1312 1085 1375 extitit
1104 1310 1237 1396 quidam
1256 1311 1311 1396 qui
1330 1311 1447 1393 integri
1463 1331 1598 1373 comme1

214 1419 286 1482 tarii
320 1417 534 1504 componendi
565 1439 679 1480 curam
714 1417 892 1501 susciperet
924 1414 1198 1500 adnotationibus,
1233 1414 1350 1500 quibus
1384 1413 1437 1479 vel
1467 1436 1603 1477 versuur

215 1524 394 1587 sententiae
425 1522 627 1608 explicantur
653 1520 707 1586 vel
733 1522 843 1586 variae
874 1519 1028 1584 lectiones
1058 1519 1249 1584 adferuntur
1279 1541 1322 1583 ex
1352 1518 1518 1583 codicibus
1549 1541 1608 1583 con

216 1637 338 1712 gestae,
362 1627 517 1712 adiectis,
537 1649 643 1712 neque
673 1635 781 1690 tamen
811 1627 880 1711 ipse
908 1646 989 1710 opus
1016 1633 1202 1710 susceptum
1233 1624 1406 1710 perficeret
1435 1632 1534 1710 atque
1565 1621 1611 1687 ab·

217 1732 363 1797 solveret.
410 1754 493 1817 quae
513 1753 565 1795 res
581 1733 613 1795 in
628 1732 739 1816 primis
755 1727 998 1795 adnotationum
1013 1730 1056 1794 ad
1072 1752 1224 1794 scaenam
1241 1731 1368 1794 tertiam
1383 1738 1474 1793 actus
1490 1727 1616 1793 alterius

217 1836 416 1901 Phormionis
445 1836 632 1901 condicione
662 1835 930 1923 comprobatur.³)
973 1835 1018 1900 ad
1044 1835 1129 1899 hanc
1157 1837 1243 1899 enim
1269 1856 1421 1898 scaenam
1443 1835 1477 1899 in
1498 1832 1548 1897 his
1572 1855 1619 1896 co·

218 1941 357 2006 dicibus:
381 1941 538 2006 Vaticano
561 1943 693 2026 reginae
715 1940 769 2005 lat.
796 1939 890 2026 1496,
914 1940 1128 2004 Riccardiano
1153 1939 1227 2023 669,
1250 1940 1469 2003 Laurentiano
1492 1936 1573 2002 LIII
1589 1937 1620 2021 9,

218 2043 434 2110 Canoniciano
461 2045 515 2110 lat.
533 2045 584 2129 95,
616 2044 823 2110 Lincolnensi
847 2046 890 2109 45
920 2045 1016 2109 51555
1043 2044 1235 2110 scholiorum
1263 2045 1363 2108 series
1390 2052 1557 2129 separatae
1579 2041 1621 2105 15-

216 2161 345 2234 guntur,
370 2173 451 2237 quas
474 2151 624 2215 confusas
648 2149 804 2214 exhibent
820 2150 1057 2215 Laurentianus
1079 2149 1160 2213 LIII
1183 2149 1234 2232 31,
1258 2149 1436 2213 Vaticanus
1456 2147 1620 2212 Palatinus

217 2255 271 2321 lat.
297 2255 391 2340 1630,
415 2256 594 2320 Vaticanus
616 2255 669 2320 lat.
695 2253 787 2339 1513,
812 2251 1054 2320 Μ515155115555
1076 2254 1179 2318 XXII
1204 2252 1254 2318 11.
1271 2254 1302 2318 V
1325 2252 1452 2339 aliique.
1498 2273 1563 2337 qua
1585 2274 1620 2315 re

217 2369 249 2425 et
270 2361 388 2425 lacuna
409 2383 492 2446 quae
512 2362 545 2424 in
565 2359 723 2424 nonnullis
745 2358 911 2424 codicibus
932 2362 965 2423 15
980 2360 1114 2445 Hecyra
1133 2358 1184 2424 III
1203 2358 1234 2441 5,
1251 2357 1271 2420 8
1294 2359 1456 2423 invenitur
1474 2365 1622 2442 respecta

217 2464 396 2531 Sabbadini
412 2475 561 2551 quattuor
578 2465 725 2530 codicum
743 2465 861 2528 classes
878 2465 1031 2530 distinxit.
1062 2466 1127 2527 iam
1143 2464 1169 2526 si
1185 2463 1347 2548 duplicem
1362 2463 1449 2526 illam
1464 2461 1508 2526 ad
1523 2461 1620 2525 Phor-

217 2572 330 2634 mionis
346 2592 499 2635 scaenam
516 2569 708 2634 scholiorum
724 2573 840 2634 seriem
854 2572 1102 2654 inspexerimus,
1120 2570 1322 2632 inveniemus
1342 2567 1442 2631 multa
1461 2569 1495 2630 in
1514 2569 1621 2653 priore

219 2674 339 2740 scholia
367 2685 478 2740 extare
507 2697 589 2760 quae
617 2677 648 2739 in
677 2674 777 2739 altera
803 2697 868 2738 non
895 2674 1055 2759 leguntur,
1082 2673 1159 2739 talia
1187 2673 1257 2738 dico
1285 2695 1368 2759 quae
1396 2671 1438 2736 ad
1461 2674 1620 2736 actionem

219 2782 402 2845 scaenicum
417 2781 592 2866 pertinent:
617 2781 637 2844 3
652 2778 712 2865 (1),
733 2780 753 2842 3
770 2778 830 2866 (3),
847 2779 867 2842 3
883 2777 944 2865 (4),
959 2779 981 2842 4
996 2777 1056 2865 (1),
1074 2778 1102 2862 7,
1121 2778 1171 2862 11,
1189 2778 1241 2861 21,
1258 2777 1310 2862 73,
1327 2777 1368 2840 88
1385 2775 1433 2863 (2)
1454 2787 1487 2841 51
1504 2776 1621 2840 lexico-

218 2885 375 2970 graphica
397 2885 417 2949 3
433 2883 492 2971 (1),
511 2883 552 2948 12
567 2883 626 2970 (1),
643 2884 693 2967 14,
711 2884 762 2967 17,
778 2884 836 2965 543
861 2883 913 2965 33,
930 2883 986 2965 663
1010 2883 1053 2946 24
1068 2881 1128 2969 (2),
1152 2882 1204 2966 35,
1221 2882 1303 2969 814)
1342 2891 1453 2947 contra
1472 2883 1504 2946 in
1520 2881 1621 2944 altera

219 2992 301 3053 serie
324 2988 427 3053 habes
456 2988 578 3052 scholia
609 3011 691 3074 quae
719 2990 880 3073 inpriore
908 3010 971 3052 non
994 2975 1208 3072 reperiuntur,
1232 2987 1406 3051 rhetorica:
1433 2985 1472 3048 15
1495 2983 1555 3071 (4),
1581 2983 1620 3047 18

219 3092 279 3180 (2),
308 3093 350 3157 24
372 3092 433 3180 (2),
460 3092 512 3178 49,
536 3102 632 3179 atque
657 3116 695 3157 ea
718 3093 835 3179 quibus
859 3103 1006 3157 auctores
1028 3094 1247 3156 nominantur:
1273 3091 1311 3154 11
1337 3089 1396 3178 (2),
1420 3090 1462 3154 25
1486 3088 1544 3176 (2),
1570 3087 1620 3150 79.

219 3199 349 3285 reliquis
372 3197 500 3262 scholiis
523 3198 712 3284 plerumque
736 3220 819 3284 quae
842 3200 906 3263 sint
932 3200 1108 3262 sententiae
1136 3197 1334 3282 singulorum
1356 3217 1509 3260 versuum
1533 3215 1621 3258 enar-

219 3314 318 3370 ratur.
357 3306 388 3368 iu
411 3314 549 3389 utraque
572 3313 680 3367 autem
703 3305 786 3367 serie
805 3302 957 3387 leguntur
980 3302 1102 3366 scholia
1125 3301 1241 3387 quibus
1264 3310 1377 3387 poetae
1393 3321 1445 3364 ars
1468 3301 1500 3362 in
1524 3297 1621 3362 rebus

220 3420 251 3475 et
270 3408 379 3473 verbis
400 3407 556 3492 eligendis
576 3406 735 3490 laudatur,
756 3429 817 3471 ser.
833 3407 865 3470 A
883 3408 898 3468 1
916 3405 975 3493 (2),
996 3405 1039 3470 32
1055 3405 1115 3493 (2),
1131 3405 1182 3491 67,
1199 3405 1251 3490 92,
1268 3405 1320 3485 93,
1341 3406 1368 3468 Β
1385 3403 1405 3468 5
1422 3402 1482 3490 (2),
1505 3403 1545 3466 16
1561 3400 1620 3489 (3),

220 3514 272 3597 27,
289 3514 340 3598 79,
360 3513 413 3577 vel
433 3513 549 3599 quibus
570 3514 719 3576 orationis
738 3513 862 3596 figurae
882 3510 1089 3595 illustrantur,
1110 3533 1170 3575 ser.
1191 3508 1258 3574 Α4
1274 3508 1333 3596 (3),
1350 3509 1392 3573 25
1409 3508 1467 3595 (1),
1483 3508 1536 3593 43,
1556 3508 1584 3571 Β
1601 3508 1621 3568 9

220 3617 278 3704 (2),
305 3617 355 3702 19,
380 3617 421 3680 26
444 3616 502 3703 (2),
526 3617 578 3700 43,
602 3616 654 3700 61,
678 3615 730 3699 93,
763 3615 902 3702 denique
925 3615 1046 3680 scholia
1070 3615 1189 3679 diversi
1211 3615 1402 3700 argumenti,
1431 3635 1524 3699 quae,
1548 3635 1621 3677 cum

219 3721 377 3808 particula
399 3716 452 3786 ‘et'
476 3744 551 3785 cum
573 3720 839 3785 antecedentibus
862 3722 1109 3806 coniungantur,
1137 3743 1194 3806 pro
1222 3719 1449 3784 additamentis
1472 3716 1623 3782 habenda

220 3835 303 3912 sunt,
320 3849 380 3891 ser.
397 3827 441 3890 A:
466 3827 486 3891 3
502 3825 546 3912 (1,
563 3825 636 3911 bis).
657 3826 706 3892 16.
723 3826 774 3890 26.
791 3825 843 3890 32.
861 3825 912 3890 73.
930 3826 981 3890 93.
1026 3835 1077 3890 ter
1091 3817 1155 3889 ‘an'
1169 3827 1308 3910 positum
1328 3824 1430 3888 55121
1451 3821 1513 3909 (4),
1536 3822 1622 3885 15555

219 3931 362 3996 Terentii
382 3930 508 3996 additos
527 3931 629 3995 habes
651 3953 712 3995 ser.
729 3931 760 3994 A
780 3929 821 3993 68
838 3929 897 4017 (1),
920 3931 949 3994 Β
967 3930 1008 3993 10
1023 3928 1083 4016 (3),
1104 3929 1237 4015 Vergilii
1257 3926 1366 3992 55514
1386 3927 1438 4012 32,
1460 3928 1488 3990 Β
1507 3925 1576 4012 15(
1598 3925 1622 4012 ),

222 4036 272 4114 18,
297 4035 460 4101 Ciceronis
483 4059 544 4101 ser.
563 4035 621 4099 AB
648 4035 696 4100 12.
744 4058 807 4121 qua
822 4034 1016 4100 scholiorum
1032 4036 1259 4120 compositione
1275 4055 1414 4119 eaquae
1430 4054 1527 4117 supra
1543 4030 1623 4094 dixi-

324 4246 346 4315 1)
366 4233 398 4298 ir.
418 4246 565 4297 sissimus
582 4247 609 4296 11
627 4247 669 4296 43.

325 4331 347 4398 ³)
365 4349 435 4399 quse
453 4349 494 4384 ros
508 4348 539 4383 eo
557 4347 663 4398 quoquo
681 4332 828 4398 probabilis
846 4333 969 4398 estquod
987 4347 1018 4384 oo
1036 4337 1155 4398 tempore
1172 4332 1288 4382 Ioannes
1300 4329 1480 4397 calphurnius
1498 4328 1623 4380 lacunam

222 4421 299 4473 illam
318 4423 510 4473 commentario
528 4421 563 4472 ad
580 4421 902 4471 Heautontimorumenon
920 4420 1040 4471 confecto
1059 4420 1166 4486 explere
1184 4420 1295 4471 studuit.

326 4505 348 4576 ⁸)
367 4509 400 4560 cf.
413 4508 561 4560 Sabbadini
578 4508 605 4558 II
623 4509 656 4557 4³
670 4523 725 4572 sqq.
744 4512 772 4558 et
791 4510 840 4558 109
852 4524 909 4573 sqq.

325 4594 347 4665 ⁴)
366 4597 497 4648 scholium
520 4596 553 4647 de
576 4595 724 4661 peregrinis
747 4595 905 4645 mulieribus
926 4597 956 4645 in
974 4595 1143 4645 meretricum
1161 4610 1273 4647 numero
1291 4596 1390 4646 habitis
1408 4597 1442 4645 68
1461 4593 1499 4662 (1)
1518 4609 1567 4660 par
1584 4598 1626 4643 est

219 4685 330 4737 scholiis
348 4686 382 4737 sd
400 4685 527 4736 Andriam
545 4683 587 4733 111
607 4685 629 4747 1,
650 4685 691 4747 11,
708 4682 805 4734 sunl
822 4685 847 4744 2,
860 4684 902 4733 27.
