3542 5059
316 468 362 535 B.
391 466 452 535 De
480 465 706 535 enuntiatis
733 465 1032 547 comparativis
1060 468 1101 534 et
1128 465 1500 535 condicionalibus.

316 666 492 733 Enuntiata
508 668 737 752 comparativa,
761 666 803 731 ad
827 688 911 752 quae
933 689 1020 731 nunc
1042 669 1223 750 transimus,
1247 666 1342 731 modo
1358 666 1466 731 verbis
1489 678 1610 752 carent,

209 770 303 834 modo
332 772 378 833 eis
405 772 560 835 instructa
583 779 666 854 sunt,
695 771 781 856 quod
808 781 917 835 tamen
939 793 1012 835 raro
1034 780 1158 835 tantum
1181 772 1217 835 fit
1244 770 1320 857 (uno
1343 772 1450 857 Ther,
1474 794 1534 835 sex
1555 771 1607 837 Al.

208 872 309 959 loeis).
333 874 530 939 inducuntur
546 883 654 938 autem
669 875 833 959 particulis
857 876 909 956 ὡς,
937 877 1003 956 ἅτε,
1026 876 1111 961 ιΙότο,
1134 865 1188 940 οἷα
1211 876 1465 961 (nonnumquam
1488 876 1609 941 voculis

209 980 258 1067 δή,
281 977 352 1064 πέρ,
376 977 412 1043 σε’
434 978 575 1061 additis),
600 967 738 1044 oiovvel
760 968 893 1063 οἷόντε,
917 980 961 1057 ὡς
982 978 1071 1063 εἴτε,
1094 982 1138 1058 ὡς
1159 978 1191 1044 εἰ’
1210 1004 1281 1065 περ,
1305 981 1349 1058 ὡς
1371 973 1429 1067 (δ’)
1452 977 1516 1064 ὅτε,
1540 970 1610 1046 οἷον

208 1082 271 1147 διε.
317 1086 582 1169 comparationes
598 1105 679 1168 quas
695 1086 916 1149 coniunctione
932 1085 976 1162 ὡς
989 1094 1085 1169 poeta
1099 1086 1261 1168 instruxit,
1275 1084 1385 1148 verbis
1400 1096 1498 1171 egent
1512 1085 1608 1150 Ther.

209 1187 282 1272 329,
298 1187 372 1271 512,
389 1187 463 1271 543,
481 1187 553 1271 642,
571 1187 643 1271 814,
660 1187 711 1253 Al.
730 1187 810 1275 86.1)
855 1211 961 1274 neque
984 1191 1017 1252 in
1040 1191 1211 1253 enuntiatis
1234 1191 1470 1275 comparativis,
1493 1189 1610 1275 quibus

208 1290 300 1376 dissi)
323 1292 522 1379 praeligitur,
551 1304 687 1378 excepto
715 1316 779 1357 uno
807 1294 877 1357 loco
899 1294 951 1357 Al.
969 1292 1031 1356 217
1049 1316 1118 1379 sqq.
1142 1294 1162 1380 ίΙ
1183 1295 1240 1359 ἅτε
1262 1296 1452 1381 κερνοφόρος
1477 1294 1611 1380 ζάκορος

208 1394 391 1480 βωμίστρια
424 1388 527 1484 Ῥείης
554 1404 557 1480 Ι
585 1397 689 1463 εἰνάδι
726 1397 939 1484 λαοφόροισιν
974 1396 1227 1483 ἓνιχρίμπτοοσα
1263 1398 1431 1478 κελεύθοις
1458 1410 1462 1473 Ι
1489 1403 1610 1483 μακρὸν

208 1501 380 1588 δπεμβοάᾳ
413 1502 540 1591 γλώσσῃ
575 1504 685 1587 θρόον,
721 1497 753 1567 οὶ
788 1501 823 1569 δὲ
856 1501 1010 1588 τρὲουσιν,
1032 1502 1037 1587 Ι
1057 1496 1177 1588 Ἰδαίης
1210 1504 1336 1590 ῥιγηλδν
1365 1497 1413 1568 δι’
1446 1504 1611 1571 είσαΐωσιν

211 1606 356 1689 ὑλαγμόν,
384 1606 388 1691 Ι
416 1606 459 1684 ὣς
481 1604 498 1671 ὃ
524 1657 580 1670 ...
604 1606 858 1694 βροχανόαταιῧ)
884 1606 984 1671 verba
1007 1616 1134 1671 extant:
1166 1605 1262 1671 Ther.
1279 1606 1353 1689 510,
1370 1607 1444 1692 833,
1467 1608 1518 1673 ΑΙ.
1540 1609 1609 1693 160,

209 1709 272 1773 356
297 1708 367 1795 (dise
390 1708 454 1798 δή),
476 1710 551 1794 468,
579 1710 682 1794 478,4)
707 1710 809 1796 5425)
855 1711 971 1797 quibus
998 1711 1076 1775 locis
1103 1711 1278 1795 adiungam
1301 1710 1352 1776 Al.
1376 1712 1440 1777 215
1466 1716 1562 1801 βοάᾳ,
1589 1715 1611 1777 δι’

208 1839 257 1894 τις
271 1815 455 1902 ἕμπελάδην
470 1820 539 1903 φὼς
548 1815 574 1902 ⁶)
595 1816 600 1901 Ι
619 1818 823 1904 ἀμφιβρότην
842 1817 979 1881 κώδειαν
994 1818 1061 1880 άπδ
1084 1813 1248 1903 ξιφέεσσιν
1262 1815 1411 1903 ἀμαθεῖς,
1435 1840 1497 1903 quo
1519 1821 1541 1883 δί
1562 1843 1612 1898 τις

208 1918 309 1983 verbo
335 1942 399 1984 non
423 1919 532 1984 addito
556 1920 671 1985 eodem
698 1930 794 2006 atque
817 1922 874 1985 ἅτε
897 1942 994 1985 sensu
1016 1929 1205 2005 usurpatum
1229 1942 1299 1988 esse
1324 1920 1459 1987 videtur.
1505 1945 1610 2008 neque

209 2045 286 2087 vero
310 2023 353 2087 ad
375 2026 450 2110 ἠύτε
460 2022 485 2109 ⁷)
502 2024 638 2089 verbum
661 2025 796 2108 accedit,
821 2047 905 2110 quae
920 2026 1078 2111 particula
1093 2025 1190 2090 Ther.
1208 2024 1281 2109 259,
1299 2025 1373 2111 340,
1389 2026 1462 2109 375,
1479 2024 1530 2090 ΑΙ.
1546 2027 1612 2091 570

131 2174 132 2177 ,
208 2128 332 2212 legit·..·.
379 2131 563 2214 saepissime
590 2138 698 2194 autem
721 2132 886 2194 enuntiata
918 2132 1136 2216 comparativa
1166 2132 1353 2215 pronomine
1384 2130 1515 2196 relativo
1546 2120 1609 2210 οἶα,

209 2233 293 2319 quod
310 2236 341 2297 in
354 2233 502 2298 adverbii
516 2234 584 2299 fere
596 2238 663 2299 vim
678 2235 756 2300 abiit
762 2236 786 2321 8)
805 2274 845 2283 -
859 2237 928 2299 cius
939 2236 1008 2299 loeo
1025 2235 1073 2298 bis
1090 2224 1161 2300 οἷον
1175 2236 1337 2300 invenitur
1348 2273 1400 2319 —,
1415 2234 1612 2299 inducuntur

208 2338 260 2402 vel
280 2362 338 2424 per
360 2361 394 2401 se
415 2340 516 2424 posito
532 2339 585 2403 vel
600 2339 762 2425 particulis
779 2340 827 2428 δή,
849 2341 920 2423 πέρ,
936 2339 971 2405 τὲ
986 2339 1129 2404 adiectis.
1168 2329 1222 2404 οἶα
1241 2342 1338 2424 igitur
1354 2340 1455 2404 solum
1470 2339 1519 2403 his
1534 2340 1613 2403 loeis

209 2451 306 2527 extat,
331 2442 447 2528 quibus
471 2444 617 2507 omnibus
637 2444 774 2509 verbum
796 2467 859 2509 non
881 2444 1012 2529 legitur:
1047 2442 1143 2509 Ther.
1161 2443 1213 2528 20,
1237 2443 1307 2528 178,
1324 2444 1398 2528 241,
1414 2442 1488 2528 294,
1509 2442 1612 2530 297,9)

315 2670 335 2738 1)
355 2674 431 2721 ouius
455 2673 560 2737 generis
584 2672 649 2722 locis
673 2674 707 2728 ὡς
730 2672 888 2737 plerumque
911 2678 970 2737 post
988 2673 1102 2737 primum
1126 2672 1262 2737 dactylum
1285 2678 1359 2723 extat
1377 2673 1613 2735 (Thensaurus,

209 2762 269 2822 642,
288 2759 359 2825 814),
383 2759 465 2809 semel
488 2760 516 2808 in
535 2774 627 2809 versus
650 2761 727 2809 initio
750 2758 803 2825 (Al.
816 2761 859 2821 86,
877 2760 925 2810 ubi
943 2776 996 2809 non
1014 2766 1045 2809 ut
1066 2760 1177 2824 reliquis
1199 2760 1265 2810 locis
1283 2761 1479 2810 substantivum
1497 2762 1525 2809 in
1544 2777 1613 2810 com-

209 2848 348 2912 paratione
366 2846 516 2909 adhibetur,
536 2846 581 2895 sed
600 2846 756 2896 adverbium
773 2846 932 2911 temporale:
961 2842 1021 2896 οὐδ’
1034 2843 1074 2897 ἔτι
1093 2849 1157 2913 γαῖα
1173 2846 1178 2911 Ι
1194 2848 1230 2903 ὡς
1247 2848 1278 2896 τὸ
1297 2846 1383 2914 πάρος
1401 2843 1512 2912 δονέει),
1530 2847 1612 2897 semel

210 2934 300 3001 (Ther.
314 2932 376 2999 512)
395 2936 423 2982 in
443 2934 517 2999 pedis
537 2936 625 2998 quarti
643 2934 720 2985 thesi.

314 3019 336 3087 ²)
355 3037 435 3086 quam
452 3021 575 3071 voculam
594 3022 666 3087 apud
678 3023 825 3072 Homerum
843 3021 965 3072 adverbii
982 3021 1042 3071 loco
1061 3037 1118 3072 esse
1131 3021 1215 3071 Lehrs
1233 3018 1274 3072 ‘de
1286 3021 1432 3071 Aristarchi
1445 3021 1512 3071 stud.
1525 3018 1614 3071 Horu?

210 3127 235 3173 p.
258 3111 306 3159 160
319 3125 374 3173 sqq.
399 3113 481 3175 negat
502 3108 576 3169 locis,
600 3111 697 3173 quihus
722 3109 770 3159 illa
792 3110 865 3159 notio
889 3110 917 3158 iu
941 3110 988 3159 όίτε
1011 3110 1099 3159 inesse
1121 3109 1273 3174 putabatur,
1292 3112 1323 3158 A
1336 3109 1385 3158 779
1404 3114 1432 3157 et
1450 3112 1478 3158 X
1498 3110 1556 3169 127,
1575 3110 1614 3158 ita

211 3196 359 3261 explicatis
382 3202 412 3245 ut
435 3212 488 3245 uno
513 3196 570 3245 loco
590 3196 624 3245 ad
643 3196 697 3258 ure,
725 3195 795 3261 quod
814 3212 860 3262 pro
879 3196 992 3246 relativo
1011 3197 1118 3261 accipit,
1146 3212 1178 3245 ex
1197 3196 1418 3261 praecedentibus
1436 3197 1614 3262 asquitinus,

211 3283 294 3333 altero
313 3282 454 3350 ὀαρίζετον
472 3282 636 3348 suppleatur.

314 3368 336 3436 ³)
356 3371 405 3420 hoc
428 3370 486 3419 loco
505 3372 583 3421 sicuti
602 3370 689 3425 4136
708 3372 736 3419 in
755 3372 902 3431 enuntiato,
926 3370 996 3435 quod
1014 3372 1141 3435 sequitur,
1160 3369 1195 3425 ὥς
1213 3369 1450 3419 demonstrativum
1468 3370 1613 3419 invenitur.

315 3456 337 3523 ⁴)
357 3459 403 3507 ubi
422 3457 520 3523 legitur
539 3458 615 3525 ἀμφὶ
628 3457 658 3508 δὲ
672 3456 770 3524 μήλοις
785 3459 789 3521 Ι
805 3454 883 3509 ἄνθε’
897 3460 944 3508 dits
956 3457 1090 3525 βροόεντα
1111 3499 1116 3509 .
1131 3496 1137 3507 .
1152 3496 1157 3507 .
1177 3454 1272 3524 ἐφίζει,
1292 3458 1330 3506 ita
1342 3461 1372 3505 ut
1389 3473 1443 3506 nou
1455 3457 1614 3518 subiectum,

210 3546 256 3595 sed
283 3560 325 3595 res
351 3550 464 3607 tantum,
494 3561 607 3609 quacum
634 3545 661 3593 id
689 3552 863 3611 comparatur,
893 3546 975 3609 adsit3
1004 3545 1038 3596 cf.
1056 3546 1136 3595 Ther.
1156 3546 1204 3593 178
1228 3551 1256 3594 et
1274 3544 1305 3594 Ο.
1325 3543 1471 3594 Schneider
1494 3544 1611 3610 prolegg.

212 3651 237 3698 p.
251 3635 285 3681 94
295 3649 345 3697 sq.;
365 3633 433 3681 adde
451 3633 524 3681 Arai.
538 3634 597 3695 242,
619 3634 693 3681 1042.
729 3639 810 3696 atque
828 3633 879 3683 hoc
898 3633 974 3682 modo
993 3632 1104 3681 sortasse
1122 3632 1196 3681 locus
1212 3630 1291 3681 Ther.
1304 3632 1355 3679 814
1374 3631 1548 3695 explicandus
1566 3638 1613 3691 est,

211 3722 234 3770 si
256 3721 319 3783 νήια
342 3736 396 3769 non
418 3720 579 3769 substantivi
598 3718 730 3787 (ἐρετμά),
754 3721 799 3769 sed
822 3720 950 3771 adiectivi
968 3722 1028 3770 vice
1050 3719 1085 3770 ad
1103 3717 1186 3787 πτερά
1206 3718 1338 3768 referendi
1355 3717 1431 3784 fungi
1450 3720 1545 3769 statuis
1568 3719 1614 3784 (cf.

212 3807 283 3857 locos
301 3808 387 3869 1125,
407 3809 492 3873 ψ272
512 3806 621 3873 ἐρετμά,
640 3804 672 3855 τά
691 3822 720 3861 τε
738 3810 823 3875 πτερά
841 3809 923 3871 νηυσὶ
940 3807 1078 3869 πέλονται,
1098 3808 1161 3857 Hes.
1175 3806 1243 3871 Opp.
1257 3807 1307 3855 628
1330 3803 1470 3873 εὐκόσμως
1487 3806 1614 3863 στολίσας

211 3896 276 3957 νηὸς
293 3894 379 3962 πτερά
398 3893 605 3960 ποντοπόροιο),
623 3896 661 3944 ita
680 3900 709 3944 ut
727 3893 811 3951 πόδες
828 3894 1007 3960 supplendum
1025 3896 1067 3943 sit.

317 3978 338 4047 ὅ)
358 3997 409 4045 quo
427 3981 485 4031 loco
503 3983 606 4050 βρέφος
623 3982 765 4047 singularis
783 3983 893 4032 notione
911 3981 1053 4031 collectiva
1070 3982 1172 4045 positus
1190 3995 1247 4029 esse
1264 3979 1382 4044 videtur;
1401 3979 1434 4030 cf.
1446 3979 1489 4029 Al.
1502 3982 1560 4029 366.

317 4066 338 4134 ⁰)
357 4068 391 4120 cf.
401 4074 434 4119 Π
442 4070 492 4118 406
506 4070 540 4125 ὡς
553 4070 596 4120 ότε
609 4085 649 4125 τις
662 4066 733 4136 φώς,
745 4069 807 4119 vide
820 4068 853 4119 de
865 4069 916 4119 hoc
928 4069 986 4119 loco
999 4068 1101 4119 Goehel
1113 4068 1181 4118 Ann.
1195 4068 1260 4133 phil.
1271 4068 1409 4117 CXXXXI
1421 4084 1445 4133 p.
1457 4069 1508 4117 826
1517 4083 1573 4132 sqq.

318 4153 339 4220 ⁷)
358 4156 517 4219 quodmodo
535 4157 564 4204 in
581 4158 665 4221 primo
678 4156 745 4221 pede
765 4156 854 4223 (Ther.
869 4156 931 4222 269)
951 4156 1029 4205 modo
1041 4157 1069 4204 in
1082 4157 1176 4219 quinto
1195 4154 1284 4219 (Ther.
1298 4155 1348 4204 376
1362 4154 1517 4220 ernisto)
1536 4154 1613 4203 τοοδο

213 4246 242 4293 in
260 4244 344 4293 altero
363 4243 452 4309 (Ther.
466 4242 529 4309 340)
548 4243 706 4293 collocatum
726 4249 773 4293 est.

317 4329 339 4397 8)
358 4347 426 4395 quae
445 4333 518 4381 notio
536 4332 590 4381 iam
609 4332 679 4396 apud
694 4332 838 4381 Homerum
856 4332 885 4381 in
904 4324 950 4380 οἷά
962 4346 990 4381 τε
1003 4332 1073 4380 inest
1092 4329 1135 4396 (cf.
1150 4346 1167 4395 y
1180 4332 1221 4393 73,
1241 4331 1328 4393 η106,
1347 4332 1439 4392 cleo,
1459 4331 1541 4390 ι128,
1553 4330 1614 4390 264,
1652 4338 1654 4341 ⁴

213 4419 229 4468 λ
242 4417 313 4483 364),
331 4419 414 4468 semel
431 4420 460 4467 in
479 4412 522 4468 οἶα
535 4422 556 4467 θ
569 4420 627 4467 366.
1447 4444 1450 4447 ·

318 4504 339 4571 1Ἰ
359 4522 411 4570 quo
430 4505 488 4556 loco
506 4512 586 4571 poeta
604 4508 693 4571 aptius
711 4507 799 4556 dicere
817 4506 905 4571 potuit
924 4505 1081 4572 ὑποψοφέει
1093 4505 1216 4570 καλάμης
1227 4503 1312 4569 χύσιν
1325 4498 1370 4554 οἷα
1388 4502 1515 4572 διέρπων,
1534 4518 1613 4567 quem

214 4594 373 4644 admodum
396 4593 497 4643 scholia
519 4609 624 4658 quoque
643 4593 790 4659 explicant:
814 4592 860 4642 καὶ
882 4592 1049 4661 παρασύρων
1072 4595 1265 4661 προστρίβεται
1288 4596 1320 4658 τῇ
1342 4596 1378 4659 γῇ
1396 4593 1442 4641 καὶ
1460 4589 1613 4658 ὑποψοφεῐ,

214 4674 258 4729 οἷα
273 4677 357 4745 χύσιν
375 4680 499 4745 καλάμης
518 4678 646 4748 διέρπων,
665 4681 807 4731 τουτέστιν
827 4680 892 4731 ὡσεὶ
909 4678 1052 4748 καλάμους
1070 4679 1199 4747 διίρπων,
1218 4680 1305 4745 (your
1323 4677 1451 4742 βαδίζων.
