3542 5059
233 217 294 281 112

231 409 352 474 scholia
377 407 496 489 tribuit,
525 406 642 492 quibus
670 414 726 469 aut
748 406 935 469 Terentium
963 428 1094 491 operam
1121 405 1249 470 dedisse
1272 406 1462 491 explicatur,
1490 406 1630 493 nequid

229 524 285 579 aut
304 522 431 598 agreste
451 521 507 575 aut
526 509 657 575 crudele
678 518 733 574 aut
747 513 895 594 τραγικόν
915 512 948 574 in
969 510 1142 574 comoediis
1162 510 1399 596 inveniretur,¹)
1419 520 1475 575 aut
1490 512 1632 575 Terentii

229 618 396 706 vigilantia
411 616 572 699 laudatur,
596 637 660 700 qua
683 616 746 678 iam
769 617 801 678 in
824 617 934 700 primis
958 614 1087 679 fabulae
1111 616 1237 680 scaenis
1260 617 1383 680 exitum
1398 616 1631 701 spectatoribus

230 722 418 788 credibilem
445 719 656 807 praepareti)
700 719 780 784 tales
810 719 1034 784 adnotationes
1062 741 1139 784 sane
1170 742 1232 784 non
1263 721 1385 784 minimi
1415 718 1631 785 aestimandas

229 850 300 892 esse
324 835 457 910 constat,
489 825 546 889 sed
570 823 611 889 ad
636 846 732 909 quem
754 832 920 889 auctorem
950 824 1141 889 referendae
1164 826 1236 906 sint,
1267 824 1364 910 plane
1390 827 1549 890 incertum
1572 833 1630 888 est.

332 933 403 997 Iam
431 932 595 995 sententiis
622 931 764 994 virorum
792 928 960 993 doctorum
987 929 1028 993 de
1057 929 1250 994 scholiorum
1278 952 1411 1015 corpore
1440 931 1632 994 examinatis

230 1037 308 1123 quid
329 1036 392 1101 hae
416 1035 629 1121 disputatione
654 1032 856 1119 exploratum
879 1035 920 1097 sit
943 1035 1183 1098 constituamus.
1228 1033 1368 1098 vidimus
1390 1036 1487 1119 igitur
1509 1033 1550 1097 ad
1567 1035 1631 1098 Do-

228 1151 340 1207 natum
362 1141 477 1205 referri
498 1161 593 1225 posse
617 1137 747 1221 scholia,
771 1138 889 1224 quibus
912 1139 1055 1203 Terentii
1078 1141 1111 1203 in
1133 1137 1232 1203 rebus
1255 1138 1485 1224 componendis
1508 1149 1540 1203 et
1561 1161 1630 1202 ver-

228 1246 278 1311 bis
307 1245 462 1330 eligendis
489 1267 542 1308 ars
569 1243 753 1326 illustratur,
782 1242 899 1308 deinde
927 1242 1058 1327 scholia,
1087 1265 1170 1329 quae
1197 1243 1240 1308 ad
1263 1246 1423 1308 actionem
1446 1246 1629 1308 scaenicum

228 1353 389 1436 pertinent
418 1359 450 1412 et
477 1348 594 1434 quibus
624 1347 734 1412 fabula
763 1348 881 1412 Latina
912 1370 987 1412 cum
1015 1348 1144 1413 Graeca
1177 1358 1391 1434 comparatur,
1422 1358 1519 1434 atque
1549 1348 1630 1412 haec

228 1458 283 1540 ita,
311 1465 347 1519 ut
373 1476 447 1518 eum
474 1453 549 1517 talia
576 1474 730 1536 magnam
756 1462 881 1537 partem
910 1475 953 1516 ex
976 1453 1110 1517 aliorum
1134 1455 1369 1517 commentariis
1393 1452 1630 1538 deprompsisse

229 1559 434 1625 statuendum
458 1560 506 1640 sit,
531 1557 671 1643 denique
695 1559 846 1640 exiguam
869 1567 995 1642 partem
1019 1580 1140 1638 eorum,
1164 1557 1281 1644 quibus
1297 1557 1337 1621 de
1354 1557 1465 1641 figuris
1482 1558 1631 1620 orationis

229 1667 409 1751 exponitur.
457 1672 568 1727 contra
588 1686 607 1726 a
627 1664 760 1747 pristino
777 1660 971 1725 scholiorum
987 1684 1120 1747 corpore
1136 1662 1241 1726 aliena
1256 1685 1327 1726 esse
1343 1661 1494 1726 videntur
1509 1660 1631 1725 scholia

227 1769 397 1851 rhetorica,
427 1789 511 1853 quae
541 1790 584 1830 ex
614 1765 792 1851 Eugraphii
822 1768 1052 1830 commentario
1082 1766 1256 1850 fluxerunt,
1288 1765 1406 1830 deinde
1435 1768 1569 1830 metrica
1598 1775 1631 1829 et

228 1873 314 1956 talia,
345 1872 462 1959 quibus
491 1871 532 1934 de
560 1881 629 1935 arte
657 1880 771 1956 poetae
799 1873 831 1934 in
858 1870 1042 1935 fabularum
1065 1873 1263 1955 argumentis
1286 1869 1491 1935 exstruendis
1513 1872 1629 1956 agitur,

228 2001 362 2064 quorum
385 1987 549 2041 auctorem
571 1974 768 2040 Euanthium
790 1975 889 2039 fuisse
913 1974 1067 2040 credibile
1091 1986 1148 2040 cst.

331 2081 397 2148 Sed
426 2081 507 2145 haec
539 2082 645 2144 omnia
673 2083 791 2165 partim
821 2080 920 2145 dubia
950 2090 1033 2164 sunt,
1065 2083 1182 2166 partim
1212 2084 1256 2144 ita
1284 2089 1479 2165 comparata,
1509 2089 1545 2143 ut
1571 2081 1628 2143 vix

228 2186 392 2252 dimidiam
407 2188 502 2249 totius
526 2187 666 2270 corporis
682 2194 808 2270 partem
830 2188 1014 2249 accuratius
1030 2187 1248 2250 examinatam
1271 2207 1342 2249 esse
1365 2193 1483 2270 pateat.
1529 2206 1629 2270 quare

227 2292 289 2357 alia
320 2299 510 2375 argumenta
541 2289 831 2376 circumspicienda
861 2299 944 2371 sunt,
978 2290 1094 2376 quibus
1124 2291 1185 2354 nisi
1212 2289 1253 2354 de
1277 2291 1511 2376 compositionis
1533 2289 1629 2353 modo

228 2406 259 2460 et
283 2395 323 2460 de
347 2403 500 2480 tempore,
531 2416 593 2479 quo
622 2393 742 2458 scholia
769 2396 801 2458 in
829 2417 902 2458 eam
929 2395 1075 2475 formam,
1107 2416 1203 2480 quam
1226 2417 1312 2458 nunc
1335 2394 1466 2478 habent,
1496 2392 1629 2458 redacta

226 2511 310 2583 sunt,
342 2501 459 2563 certius
485 2498 628 2562 iudicare
656 2501 823 2584 possimus.
870 2499 975 2564 denuo
1003 2501 1101 2585 igitur
1128 2501 1161 2564 in
1188 2500 1273 2563 hanc
1300 2522 1370 2563 rem
1393 2498 1628 2585 inquirentibus

226 2607 364 2691 primum
398 2602 439 2666 de
473 2602 709 2686 additamentis,
744 2603 860 2688 quibus
890 2606 1053 2668 variorum
1082 2627 1239 2689 generum
1269 2603 1390 2668 scholia
1419 2613 1516 2668 aucta
1543 2612 1627 2686 sunt,

227 2709 344 2774 deinde
361 2707 401 2772 de
419 2709 513 2772 certis
536 2707 778 2772 adnotationum
800 2709 974 2792 generibus
996 2712 1029 2773 in
1052 2711 1220 2794 pristinum
1243 2731 1360 2795 corpus
1382 2710 1509 2774 insertis
1531 2731 1628 2793 agen-

227 2815 305 2880 dum
327 2801 411 2877 erit.

330 2919 474 2982 Primum
495 2917 593 3002 igitur
614 2916 763 2981 videmus
786 2917 881 2993 binis,
905 2918 1008 2981 rarius
1031 2916 1176 3002 pluribus
1198 2916 1276 2981 locis
1298 2916 1473 3003 permultas
1496 2916 1626 2982 adnota-

226 3026 328 3089 tiones
343 3023 506 3108 repetitas,
530 3023 692 3085 rarissime
709 3021 838 3107 quidem
854 3021 958 3086 isdem
974 3021 1083 3086 verbis
1106 3025 1245 3100 iteratas,
1269 3025 1314 3087 ita
1327 3032 1446 3106 tamen,
1470 3031 1506 3086 ut
1526 3044 1626 3086 unum

226 3129 332 3192 locum
353 3149 481 3212 semper
500 3126 543 3190 ad
563 3126 699 3190 alterum
720 3126 874 3191 recedere
890 3127 1102 3210 intellegatur.
1141 3129 1249 3213 itaque
1266 3127 1413 3191 dubitare
1428 3127 1504 3192 licet
1518 3136 1627 3192 utrum

227 3232 343 3297 ambae
366 3231 588 3296 adnotationes
615 3230 658 3296 ad
680 3254 780 3295 unum
807 3241 972 3297 auctorem
994 3231 1184 3296 referendae
1209 3233 1271 3296 sint
1293 3255 1336 3296 an
1359 3254 1398 3296 ea
1421 3254 1504 3317 quae
1526 3231 1627 3296 altero

226 3336 296 3402 loeo
318 3336 435 3422 legitur
463 3359 505 3400 ex
527 3336 628 3400 altera
656 3345 816 3420 sumptam
839 3359 910 3400 esse
938 3346 1106 3402 statuatur.
1153 3338 1271 3422 quain
1294 3359 1330 3401 re
1353 3345 1442 3401 certa
1465 3336 1626 3422 quaedam

148 3449 151 3454 '
226 3443 422 3527 repetitionis
441 3463 562 3526 genera
584 3440 736 3525 distingui
755 3450 898 3527 possunt.
936 3444 1075 3526 primum
1094 3451 1229 3527 utreque
1249 3442 1319 3506 loco
1334 3442 1415 3507 alter
1429 3441 1472 3506 ad
1488 3440 1626 3506 eandem

226 3569 296 3611 rem
321 3544 542 3609 illustrandam
570 3543 724 3627 adfertur,
755 3544 855 3609 veluti
878 3545 981 3610 Andr.
1002 3545 1081 3630 prol.
1104 3547 1121 3610 'l
1149 3538 1254 3610 ‘vetus
1276 3545 1465 3632 plerumque
1488 3546 1627 3610 refertur

226 3650 269 3715 ad
291 3649 431 3733 laudem,
461 3648 623 3714 interdum
646 3647 689 3712 ad
711 3651 991 3735 vituperationem,
1021 3660 1057 3714 ut
1078 3650 1131 3714 hic
1155 3660 1187 3715 et
1208 3649 1284 3715 alibi
1314 3661 1412 3728 vetus,
1442 3661 1626 3714 veternosus

226 3749 332 3818 sertore³
355 3753 452 3840 (Eun.
468 3753 536 3817 ΠΠ
558 3753 590 3836 4,
606 3751 662 3840 21)
686 3761 717 3817 et
739 3754 822 3819 Eun.
838 3755 906 3819 1111
928 3755 959 3835 4,
975 3754 1016 3817 21
1040 3747 1143 3819 ‘vetus
1166 3755 1207 3820 ad
1230 3758 1496 3841 vituperationem
1520 3756 1625 3840 modo,

225 3881 290 3924 non
316 3857 359 3922 ad
386 3857 515 3922 laudem
541 3859 678 3942 ponitur,
711 3867 746 3922 ut
774 3859 889 3922 ueteris
916 3870 1031 3944 poetae
1061 3859 1243 3923 maledictis
1273 3854 1477 3945 respondeat’
1507 3860 1624 3948 (Andr.

226 3962 304 4048 prol.
330 3962 373 4048 l).
419 3964 465 4026 sic
495 3984 622 4048 quoque
645 3962 748 4028 Andr.
772 3964 788 4027 I
813 3963 841 4047 l,
868 3964 907 4028 15
938 3973 970 4028 et
992 3963 1023 4048 5,
1048 3964 1104 4048 303
1136 3966 1153 4030 I
1178 3966 1206 4048 1,
1233 3965 1271 4027 18
1295 3974 1327 4028 et
1349 3964 1508 4049 Ad.V8,
1531 3964 1624 4052 293⁸)

225 4066 332 4150 124
362 4075 394 4130 et
424 4065 698 4151 Ad.11112,24;
730 4067 770 4131 cf.
792 4068 826 4132 H
851 4067 929 4150 1,9;
961 4069 994 4133 Π
1017 4068 1048 4152 5,
1067 4069 1106 4131 16
1130 4078 1162 4133 et
1183 4070 1250 4134 IIII
1276 4069 1376 4152 1,12;
1406 4069 1565 4150 1111‚11
1593 4080 1626 4134 et

225 4170 466 4255 Eun.12,27;
500 4170 595 4255 1113,
613 4171 653 4234 26
682 4181 714 4236 et
740 4172 856 4237 Eunl
881 4173 960 4258 1,3;
989 4173 1102 4254 V3,5
1130 4184 1162 4238 et
1187 4173 1482 4258 Phorm.12,73;
1510 4175 1623 4260 vat

331 4431 351 4498 ²)
369 4433 417 4482 has
436 4433 705 4484 Scheidemantelium
724 4439 818 4499 quarto
836 4435 907 4500 quod
925 4437 1018 4485 statuit
1035 4449 1133 4500 genere
1152 4437 1384 4502 comprehendisse
1401 4453 1482 4504 supra
1500 4437 1624 4490 diximus.

330 4516 351 4585 ²)
370 4521 403 4568 cf.
422 4519 503 4570 Andr.
522 4521 536 4570 1
555 4522 630 4582 1,42.
648 4522 690 4571 92.
725 4521 819 4572 harum
844 4522 1044 4574 adnotationum
1067 4524 1198 4574 maximus
1220 4539 1345 4574 numerus
1368 4529 1415 4574 est.
1451 4524 1519 4576 adde
1540 4526 1622 4577 schol.

226 4606 331 4656 Andr.I
350 4609 417 4670 2,1;
436 4610 461 4668 3,
477 4610 519 4670 ¹93
537 4609 562 4670 4,
578 4609 605 4671 13
624 4609 648 4668 ὅ,
663 4609 697 4656 39
715 4608 885 4674 plurimaque
903 4609 966 4661 alia.

329 4689 351 4758 Β)
371 4708 439 4757 quae
457 4698 595 4759 praeterea
612 4693 717 4744 adiecta
734 4701 797 4746 sunt
814 4698 903 4748 statim
921 4699 956 4749 ab
974 4699 1027 4749 alio
1045 4697 1138 4750 addita
1155 4712 1214 4748 esse
1232 4698 1406 4765 intellegitur.
