3542 5059
1578 180 1599 244 9

200 390 270 431 rem
294 390 386 432 suam
409 371 605 433 convertisse
629 378 724 456 atque
747 370 825 434 alios
849 393 976 457 quoque
997 374 1175 436 carminum
1195 374 1379 459 6661611661)
1400 374 1599 438 6616666166

200 472 351 537 habuisse
374 473 510 537 videtur.
553 473 631 559 quid
661 475 785 539 multa?
827 499 870 539 ex
897 477 1043 540 omnibus
1065 476 1133 540 fere
1157 480 1297 541 omnium
1320 500 1476 562 generum
1498 482 1600 563 poetis

200 576 367 643 Nicander
398 580 560 664 copiosam
590 578 677 644 illam
706 580 881 645 verborum
912 581 1142 667 supellectilem
1164 585 1198 647 in
1221 582 1417 647 carminibus
1440 585 1504 646 suis
1528 606 1600 647 con-

200 684 346 767 spicuam
374 686 534 768 congessit
560 706 601 748 ne
625 684 769 749 dialectis
793 686 924 770 quidem
946 686 1111 771 neglectis
1135 709 1178 751 ex
1201 687 1318 773 quibus
1341 710 1416 751 eum
1438 687 1599 766 nonnulla,

201 808 284 871 quae
301 787 361 851 sibi
377 789 410 851 in
425 810 493 852 rem
510 810 580 852 esse
597 791 847 874 existimaverat,
861 789 1020 855 delibasse
1032 790 1071 856 Ο.
1085 791 1265 856 Schneider
1275 792 1419 878 prolegg.
1431 814 1462 876 p.
1477 791 1539 855 208
1552 815 1598 877 sq.

201 891 357 976 exemplis
382 892 503 957 collatis
527 893 645 975 docuit,
675 893 813 979 denique
836 896 1008 960 reconditis
1032 896 1247 982 obsoletisque
1269 896 1435 961 vocabulis
1458 896 1600 982 undique

202 995 341 1061 collectis
358 995 413 1083 (cf.
433 997 472 1063 Ο.
491 997 670 1062 Schneider
691 999 833 1084 prolegg.
849 1023 880 1085 p.
898 1000 986 1086 209),
1010 1024 1093 1086 quae
1116 1024 1190 1065 eum
1213 1004 1387 1065 maximam
1410 994 1534 1086 partem
1558 1023 1601 1063 ex

203 1102 266 1165 suis
296 1104 400 1187 ipsum
433 1103 593 1168 Γλωσσῶν
622 1103 710 1167 libris
741 1102 940 1169 transtulisse
973 1108 1158 1170 existimare
1188 1106 1263 1169 licet
1286 1106 1340 1191 (cf.
1362 1104 1401 1170 Ο.
1423 1104 1602 1194 Schneider

202 1229 232 1292 p.
249 1205 314 1270 203
338 1206 431 1292 sqq).
479 1207 593 1292 quodsi
625 1211 718 1272 istam
749 1209 905 1273 Nicandri
935 1212 1090 1275 rationem
1121 1210 1294 1275 verborum
1325 1209 1601 1294 congerendorum

201 1334 240 1375 ac
256 1330 408 1376 versuum
425 1312 671 1397 pangendorum
683 1313 778 1377 valde
789 1314 982 1378 laboriosam
995 1318 1261 1400 reputaverimus
1273 1315 1367 1379 facile
1379 1315 1601 1400 intellegemus

200 1425 315 1502 poetae
343 1420 496 1500 carmina,
527 1419 645 1503 quippe
677 1440 759 1503 quae
789 1441 941 1503 magnam
971 1430 1096 1504 partem
1126 1430 1303 1506 praecepta
1332 1442 1389 1483 seu
1422 1418 1465 1483 ad
1499 1428 1600 1483 artem

200 1520 426 1607 medicinati)
451 1544 509 1585 seu
531 1522 664 1586 adrem
688 1523 868 1610 rusticam³)
892 1527 1071 1609 spectantia
1092 1525 1240 1589 versibus
1262 1524 1385 1588 inclusa
1408 1526 1601 1605 contineant,

201 1626 243 1690 ob
273 1628 454 1711 quaesitum
462 1625 489 1711 4)
519 1626 598 1690 illud
622 1626 750 1691 dicendi
773 1651 875 1711 genus
900 1652 948 1712 ea,
973 1631 1111 1714 quaein
1135 1628 1291 1693 eiusmodi
1312 1631 1509 1712 argumentis
1532 1650 1602 1712 pcr-

202 1753 301 1815 quam
316 1733 499 1795 necessaria
523 1741 580 1811 est,
605 1731 748 1796 claritate
772 1755 870 1818 quam
892 1737 1033 1798 maxime
1057 1737 1197 1798 caruisse
1213 1744 1310 1819 atque
1326 1756 1447 1817 omnes,
1470 1736 1601 1818 quires,

202 1835 243 1900 de
276 1835 390 1921 quibus
421 1836 587 1900 Nicander
617 1840 691 1920 egit,
726 1847 957 1922 tractaverunt,
992 1861 1056 1902 non
1089 1847 1204 1924 poetae
1237 1838 1425 1924 Colophonii
1459 1839 1602 1901 carmina

202 1949 358 2025 contorta,
383 1940 441 2005 sed
465 1944 657 2027 scriptorum
680 1945 797 2006 artium
820 1942 945 2007 illarum
968 1946 1142 2028 periturum
1165 1942 1263 2008 libros
1286 1941 1443 2027 adiisse.⁵)

305 2046 420 2131 Neque
449 2054 559 2110 tamen
592 2069 629 2110 eo
661 2050 759 2111 setius
783 2047 964 2131 defuerunt,
989 2051 1042 2134 qui
1065 2048 1220 2112 Nicandri
1243 2050 1426 2111 insisterent
1447 2048 1601 2131 vestigiis,

200 2152 271 2214 sive
294 2149 431 2214 eandem
446 2160 542 2236 atque
565 2150 617 2215 ille
633 2154 801 2216 materiam
817 2152 1013 2216 carminibus
1028 2152 1230 2236 Nicandreis‚
1246 2165 1282 2216 ut
1297 2151 1435 2234 videtur,
1451 2150 1602 2214 adhibitis

201 2254 309 2318 denuo
332 2255 480 2320 versibus
503 2255 710 2339 incluserunt,
742 2257 828 2342 quod
852 2257 893 2320 de
916 2258 1068 2321 Romanis
1091 2259 1291 2342 potissimum
1313 2256 1409 2339 valet,
1441 2278 1458 2318 e
1485 2254 1602 2340 quibus

200 2359 381 2444 Vergilium
411 2362 444 2423 in
468 2360 635 2444 Georgicis
666 2371 763 2446 atque
786 2362 958 2425 Aemilium
982 2362 1129 2426 Macrum
1156 2364 1188 2425 in
1211 2361 1378 2426 Theriacis
1400 2359 1602 2424 Nicandrum

199 2474 328 2529 secutos
359 2484 428 2528 esse
457 2464 673 2545 Quintilianus
695 2466 727 2529 X
755 2469 785 2549 l,
816 2466 858 2530 56
884 2469 974 2531 testis
1005 2477 1066 2549 est,
1098 2468 1182 2549 sive,
1203 2466 1297 2552 quod
1328 2465 1371 2530 ad
1402 2464 1602 2530 Graecorum

198 2578 369 2654 poetarum
401 2571 540 2654 pertinet
569 2570 647 2654 illos,
679 2572 733 2655 qui
763 2582 989 2654 argumentum
1017 2595 1037 2634 a
1066 2569 1222 2635 Nicandri
1254 2570 1404 2656 operibus
1437 2568 1525 2633 haud
1557 2573 1601 2632 ita

201 2673 341 2737 alienum
356 2675 505 2738 versibus
528 2678 689 2759 persecuti
714 2685 796 2756 sunt,
821 2676 914 2739 huius
939 2675 1068 2739 dicendi
1090 2678 1246 2740 rationem
1268 2678 1299 2738 in
1323 2698 1392 2739 rem
1415 2697 1506 2738 suam
1530 2696 1602 2737 con·

202 2919 358 2986 εἱλιγμένος
376 2917 484 2987 6ρχεται
502 2912 586 2987 οἷμον
602 2936 664 2969 cum
677 2921 736 2971 Nic.
750 2921 828 2970 Ther.
842 2923 892 2970 267
913 2914 996 2986 οἶμον
1015 2920 1202 2971 ὁδοιπλανέων
1221 2921 1331 2985 σκολιὴν
1349 2920 1489 2986 resciudat
1506 2918 1601 2986 νώτῳ).

202 3008 274 3057 idem
286 3007 396 3057 fortasse
409 3007 442 3057 de
460 3006 518 3057 loco
532 3007 619 3073 Apoll.
630 3008 684 3057 IIII
700 3008 880 3068 1500-1534,
904 3024 956 3072 quo
973 3008 1006 3057 de
1024 3009 1116 3074 Mopso
1133 3010 1263 3073 serpentis
1279 3010 1335 3058 ictu
1347 3007 1487 3057 interfecto
1506 3009 1603 3072 agitur,

201 3096 247 3145 cui
270 3096 418 3144 narrationi
440 3095 528 3144 simile
551 3100 737 3160 argumentum
761 3096 819 3145 Nic.
838 3096 918 3145 Ther.
937 3098 988 3145 312
1006 3111 1062 3160 sqq.
1086 3101 1113 3145 et
1137 3097 1188 3145 545
1206 3111 1262 3160 sqq.
1284 3096 1377 3158 habes,
1400 3096 1481 3145 statui
1504 3099 1603 3159 potest3

201 3182 324 3231 conferas
353 3197 452 3246 quaeso
474 3199 499 3232 v.
520 3184 587 3231 1506
615 3198 676 3231 curn
700 3182 779 3231 Ther.
803 3184 863 3243 305,
881 3200 907 3233 v.
928 3184 995 3232 1510
1018 3199 1079 3232 cum
1102 3183 1181 3233 Ther.
1200 3186 1251 3232 445
1274 3188 1302 3232 61
1325 3185 1382 3245 719,
1406 3199 1431 3232 v.
1452 3183 1519 3230 1510
1542 3197 1602 3230 cum

201 3269 282 3319 Ther.
301 3270 351 3318 545
374 3275 401 3318 61
423 3271 483 3330 807,
510 3286 535 3318 v.
557 3270 620 3318 1521
646 3285 707 3318 cum
731 3270 810 3320 Ther.
835 3272 884 3319 187
907 3286 954 3335 sq.,
981 3287 1006 3319 v.
1032 3272 1098 3319 1522
1127 3286 1188 3319 cum
1211 3271 1289 3321 Ther.
1311 3272 1368 3332 189,
1396 3286 1421 3318 v.
1448 3271 1514 3317 1523
1542 3285 1602 3317 cum

202 3357 283 3406 Ther.
303 3358 354 3405 430
372 3373 419 3421 sq,
437 3373 463 3406 v.
484 3357 550 3405 1528
569 3372 606 3421 sq.
626 3372 687 3405 curn
706 3357 785 3406 Ther.
805 3360 856 3408 429
874 3373 921 3421 sq,
940 3375 965 3406 v.
987 3360 1053 3408 1529
1071 3373 1133 3407 cum
1152 3358 1231 3407 Ther.
1251 3359 1310 3419 308,
1329 3359 1389 3416 331,
1408 3358 1455 3405 361
1477 3372 1514 3420 sq.

308 3441 329 3509 1)
348 3444 433 3493 veluti
451 3443 654 3493 similitudinem
672 3444 790 3509 aliquam
813 3446 979 3495 intercedere
1002 3446 1075 3495 vides
1094 3446 1163 3494 inter
1184 3446 1247 3495 Eur.
1260 3444 1354 3493 Troad.
1369 3445 1419 3493 750
1437 3446 1466 3491 τί
1481 3459 1538 3507 μου
1557 3440 1603 3493 δέ·

202 3530 304 3599 δραξαι
321 3530 403 3598 χερσὶ
424 3531 549 3596 κάντέχει
572 3531 681 3581 πέπλων
704 3537 732 3581 61
750 3532 828 3581 Ther.
849 3535 880 3581 16
905 3534 1048 3599 ἀχράντων
1072 3534 1116 3582 ὅτε
1134 3533 1215 3599 χερσὶ
1238 3535 1303 3593 θεῆς
1326 3529 1458 3598 ἐδράξατο
1483 3531 1603 3590 πέπλων,

202 3619 315 3668 Theocr.
329 3618 395 3667 XIII
411 3620 441 3666 12
455 3634 492 3682 sq.
507 3613 583 3667 ὁπότ’
596 3618 736 3686 ὀρτάλιχοι
751 3620 866 3687 μινυρολ
890 3622 953 3670 nori
974 3623 1067 3670 κοῖτον
1085 3622 1171 3686 ὁρῷεν
1188 3621 1191 3684 Ι
1207 3620 1373 3685 σεισαμένας
1394 3618 1478 3684 πτερὰ
1499 3619 1604 3683 ματρὸς

203 3702 246 3757 ἐπ’
258 3703 417 3756 αἰθαλόεντι
426 3704 546 3773 πετεύρῳ
559 3712 586 3755 61
599 3706 677 3756 Ther.
691 3708 739 3754 196
752 3723 808 3771 sqq.
824 3705 934 3768 ἴκτιδος,
953 3708 969 3771 ἥ
982 3705 1004 3757 τ’
1018 3709 1107 3774 ὄρνισι
1118 3705 1316 3776 κατοικιδίῃσιν
1330 3707 1447 3773 ὄλεθρον
1463 3706 1467 3768 Ι
1482 3707 1604 3771 pulsaue,

203 3793 232 3853 ἐξ
251 3792 350 3842 ὕπνοιο
369 3791 581 3860 συναρπάζουσοι
600 3792 765 3861 ascaricum}
786 3791 856 3844 ἔνθα
875 3795 953 3859 λέχος
971 3795 1114 3862 τεύχονται
1133 3793 1249 3861 ἐπίκριοι
1267 3795 1282 3858 ἢ
1301 3795 1347 3843 κοιλ
1366 3792 1478 3861 ἀφαορὰ
1499 3793 1503 3857 Ι
1523 3792 1603 3842 τέκνα

203 3877 436 3942 τιθαιβώσσουσιν
463 3877 517 3929 ὑπὸ
544 3879 676 3948 πλευρῇσι
703 3882 843 3949 θέρουσοιι.
881 3888 1021 3947 praeterea
1048 3883 1081 3931 cf.
1110 3898 1150 3942 ea,
1177 3898 1246 3947 quae
1269 3882 1289 3930 I.
1309 3881 1423 3931 Geli'ken
1441 3881 1511 3930 Anu.
1537 3880 1603 3945 phil.

201 3967 291 4033 suppl.
310 3966 402 4017 XXIII
420 3985 445 4032 p.
467 3968 515 4016 147
534 3966 594 4016 666.
616 3971 628 4016 1
649 3968 783 4017 Nicandro
803 3985 862 4019 cum
881 3970 1003 4020 Leonida
1022 3971 1166 4019 Tarentino
1185 3970 1337 4018 communia
1354 3984 1411 4018 esse
1429 3969 1529 4017 statuit.

308 4051 330 4118 ²)
349 4055 425 4103 cuius
447 4056 552 4121 generis
576 4057 694 4105 carmina
719 4062 792 4105 sunt:
820 4058 948 4124 Θηριακά,
970 4054 1199 4124 Ἀλεξιφάρμακα,
1222 4060 1428 4124 Προγνωστικά,
1452 4055 1485 4106 (16
1507 4056 1604 4119 quibus

202 4142 266 4192 vide
298 4141 420 4191 Suidam:
453 4139 558 4209 ἔγραψε
592 4141 768 4211 (Νίκανδρος)
791 4145 990 4211 Προγνωστικὰ
1014 4142 1051 4194 δι’
1073 4142 1153 4206 ἐπῶν,
1175 4144 1406 4211 μιταπέφρασται
1436 4141 1466 4193 st
1495 4140 1523 4192 ix
1550 4148 1604 4192 τῶν

203 4226 406 4296 Ἱπποκράτους
423 4232 652 4296 Προγνωστικῶν.

307 4313 329 4381 ⁸)
348 4316 419 4381 quod
437 4316 510 4366 valet
528 4316 561 4365 de
579 4319 741 4368 carminibus
760 4334 829 4382 quae
849 4317 985 4384 Γεωργιιιά
1006 4325 1032 4367 61
1050 4318 1277 4384 Μελισσουργικά
1297 4319 1486 4368 inscrihuntur.

308 4401 330 4469 4)
349 4404 428 4453 nimia
445 4419 574 4465 severam,
594 4420 627 4453 ne
646 4405 732 4454 dicam
751 4408 877 4455 iniustam
897 4406 929 4454 de
948 4406 1081 4455 Nicandro
1100 4407 1261 4455 sententiam
1280 4408 1464 4471 pronuntiavit
1478 4407 1509 4455 R.
1523 4406 1604 4455 Volk-

203 4507 286 4541 mann
305 4508 329 4556 p.
349 4492 396 4554 463
415 4496 507 4541 contra
526 4493 595 4540 intra
614 4493 678 4541 iusti
696 4495 815 4557 rectique
834 4494 926 4542 iudicii
946 4492 1012 4542 fines
1031 4494 1062 4544 G.
1082 4493 1239 4557 Bernhardy
1257 4494 1348 4543 histor.
1367 4493 1418 4543 litt.
1438 4493 1531 4543 Graec.
1549 4493 1604 4544 ΙΙ2

203 4596 228 4643 p.
248 4579 299 4628 735
317 4593 346 4627 66
364 4580 504 4629 continuit.

308 4663 330 4731 ὃ)
349 4667 383 4715 61.
402 4666 434 4717 0.
453 4666 600 4717 Schneider
618 4667 736 4733 prolegg.
755 4685 780 4733 p.
802 4670 859 4717 165.
