3542 5059
772 437 896 538 Gaput
922 439 970 512 II.

413 625 474 692 De
501 621 657 704 Apulei
684 637 876 691 sermone
904 619 1092 688 numeris
1119 618 1333 688 adstricto.

274 824 453 910 Scriptores
469 833 606 904 vetereS,
626 825 658 887 in
674 824 785 908 primis
802 831 943 886 oratores
958 820 1093 885 multum
1114 842 1230 906 operae
1250 821 1284 883 in
1304 841 1341 883 eo
1362 821 1515 904 posuisse,
1539 826 1574 882 ut

169 929 272 994 verba
291 951 460 994 numerose
481 939 513 993 et
532 938 606 1013 apte
624 928 788 1010 caderent,
809 929 900 1012 paria
920 926 1051 1011 paribus
1071 925 1314 1010 responderent,
1331 946 1426 989 aures
1442 923 1574 988 6611166-

170 1037 249 1098 tium
275 1044 368 1122 grata
395 1042 596 1119 venustaque
623 1033 797 1097 verborum
825 1031 1032 1096 collocatione
1064 1029 1311 1114 delectarentur,
1342 1051 1435 1093 nemo
1462 1030 1573 1091 nescit.

169 1162 245 1204 nam
268 1163 287 1204 a
310 1139 490 1204 rhetoribus
514 1148 547 1202 et
568 1139 790 1224 grammaticis
815 1159 889 1200 cum
910 1136 1044 1201 Graecis
1067 1145 1135 1199 tum
1154 1135 1280 1199 Latinis
1300 1133 1478 1198 doctrinam
1498 1135 1574 1196 satis

169 1243 310 1330 amplam
340 1247 536 1329 accepimus,
568 1265 632 1328 (166
663 1242 869 1326 edoceamur,
904 1263 988 1327 quae
1018 1262 1188 1305 numerose
1220 1238 1384 1303 scribendi
1416 1238 1505 1322 leges
1535 1259 1574 1300 ac

169 1357 345 1434 praecepta
366 1351 540 1433 antiquitus
563 1348 690 1411 fuerint.
737 1369 850 1410 verum
873 1355 983 1410 tamen
1007 1345 1047 1408 (16
1074 1344 1239 1408 rhetorum
1262 1344 1462 1409 Graecorum
1483 1364 1574 1427 11166-

170 1455 271 1539 ceptis
295 1464 391 1540 atque
416 1452 457 1516 de
479 1452 656 1517 rationibus
680 1474 761 1536 quas
785 1460 927 1515 oratores
950 1450 1071 1516 Graeci
1092 1451 1125 1513 in
1148 1473 1187 1514 ea
1209 1471 1244 1512 re
1267 1451 1368 1512 secuti
1391 1457 1465 1512 sunt
1486 1446 1575 1510 haud

169 1560 266 1644 pauci
292 1581 335 1621 ex
363 1560 477 1622 aetatis
504 1567 631 1621 nostrae
660 1555 841 1621 hominibus
870 1554 972 1620 doctis
999 1554 1131 1619 uberius
1155 1551 1414 1639 exposuerunt,¹)
1442 1552 1574 1616 Latinos

169 1672 278 1727 autem
297 1665 468 1748 scriptores
489 1685 553 1726 non
573 1665 617 1726 ita
638 1660 729 1726 multi
748 1669 963 1746 respexerunt
982 1662 1067 1745 iique
1087 1659 1286 1744 temporibus
1308 1655 1574 1742 recentissimis.²)

170 1790 245 1831 nam
272 1791 356 1832 anno
385 1767 516 1833 demum
541 1766 622 1830 1881
648 1765 764 1851 prodiit
787 1766 919 1850 Georgii
941 1765 1080 1829 Wuestii
1104 1764 1292 1842 dissertatio,
1321 1785 1404 1848 quae
1431 1761 1575 1826 inscribi-

171 1882 234 1936 tur:
281 1873 331 1936 De
356 1873 500 1937 clausula
522 1872 683 1936 rhetorica
706 1893 789 1956 11666
812 1871 979 1955 praecepit
1001 1868 1115 1934 Cicero
1143 1878 1300 1954 quatenus
1323 1869 1355 1930 in
1379 1867 1574 1931 orationibus

171 1986 299 2040 secutus
323 1979 371 2061 sit,
395 1986 480 2042 tomo
497 1977 528 2040 V
552 1975 810 2040 dissertationum
832 1973 1154 2058 Argentoratensium
1176 1975 1306 2037 inserta.
1353 1995 1392 2036 66
1415 1993 1498 2056 quae
1521 1970 1574 2034 1116

170 2090 326 2146 statuerat
353 2084 515 2168 corrigere
544 2091 576 2145 et
602 2103 722 2165 augere
750 2079 873 2143 studuit
905 2079 980 2142 Ern.
1012 2077 1150 2142 Mueller
1181 2077 1402 2142 dissertatione
1426 2068 1489 2140 ‘De
1520 2098 1575 2138 nu-

170 2208 258 2250 mero
281 2182 503 2251 Ciceroniano’
530 2187 695 2271 inscripta,
724 2208 805 2270 quae
829 2182 1126 2248 Β616111116.1886
1150 2186 1267 2247 61111666
1294 2193 1351 2246 661.
1398 2179 1515 2244 deinde
1544 2204 1572 2244 a.

175 2289 258 2353 1892
280 2291 319 2354 L.
336 2291 446 2355 Havet
462 2291 652 2375 opusculum
669 2291 709 2354 de
726 2289 913 2376 Symmachi
934 2291 1076 2353 61611666
1098 2309 1270 2352 numerosa
1293 2285 1388 2372 (Bibl.
1407 2285 1447 2349 116
1463 2283 1574 2349 1116616

173 2393 230 2458 des
254 2394 426 2460 1111161166.
453 2396 531 2460 fasc.
550 2395 606 2481 94)
631 2397 830 2481 conseripsit,
855 2397 946 2458 cuius
969 2393 1043 2458 libri
1066 2393 1106 2458 G.
1123 2393 1240 2479 Meyer
1263 2414 1432 2456 censuram
1455 2393 1520 2474 egit
1542 2391 1575 2452 in

173 2499 398 2586 ephemeridis,
427 2523 510 2586 (1666
532 2511 666 2565 vocatur
694 2500 865 2584 Gottinger
891 2498 1037 2584 gelehrte
1066 2498 1244 2583 Anzeigen,
1274 2507 1349 2560 tom.
1366 2497 1391 2578 I,
1420 2518 1450 2580 p.
1470 2498 1485 2556 1
1504 2516 1573 2579 sqq.

171 2615 240 2667 tum
263 2607 328 2689 egit
349 2606 459 2670 Havet
487 2606 527 2669 de
551 2628 684 2669 numero
713 2607 848 2669 oratorio
873 2603 1083 2668 Ciceroniano
1110 2605 1144 2665 in
1167 2599 1373 2687 ephemeride
1397 2601 1510 2663 Revue
1534 2598 1574 2661 de

172 2706 248 2792 phil.
273 2732 301 2772 a.
327 2708 408 2773 1893
431 2708 512 2795 (11),
540 2733 570 2794 p.
588 2710 630 2773 33
646 2731 704 2793 sq,
731 2709 788 2770 141
808 2730 854 2792 sq.
880 2717 911 2771 61
938 2731 966 2771 a.
991 2706 1084 2790 1894,
1108 2729 1139 2791 p.
1158 2706 1229 2770 160.
1276 2704 1415 2789 denique
1439 2724 1575 2767 comme-

173 2812 364 2877 morandum
388 2824 436 2878 est
458 2813 646 2898 opusculum
670 2813 756 2898 quod
776 2814 814 2876 R.
832 2811 1011 2878 Sabbadini
1031 2813 1158 2896 scripsit
1176 2813 1209 2875 in
1230 2808 1436 2895 ephemeride
1451 2809 1576 2871 Rivista

174 2917 205 2980 di
221 2917 361 3002 filologia
376 2942 404 2982 a.
424 2918 517 3002 1891,
534 2919 565 3002 4,
589 2942 620 3004 p.
637 2917 701 2982 600
717 2940 763 3003 sq.
789 2916 830 2980 (16
850 2920 991 2981 1161116116
1015 2919 1046 2980 16
1067 2916 1194 3001 dialogo
1215 2917 1269 3000 (161
1285 2914 1446 2999 Vergilius
1470 2922 1576 2976 616161

172 3044 213 3085 66
238 3032 332 3107 poeta
354 3023 540 3088 inscribitur
562 3023 675 3093 obviis.
759 3105 760 3112 ¹

279 3127 344 3192 Sed
360 3138 534 3214 antequam
550 3128 591 3191 de
607 3128 655 3191 his
676 3127 764 3192 libris
780 3126 934 3190 iudicium
949 3126 1077 3208 faciam,
1096 3123 1249 3189 nonnulla
1270 3123 1310 3186 de
1330 3131 1576 3208 praeceptorum

172 3254 191 3294 a
211 3231 392 3297 rhetoribus
411 3233 536 3297 Latinis
558 3233 706 3297 datorum
726 3234 827 3317 pretio
854 3241 886 3296 et
905 3232 1095 3294 auctoritate
1115 3227 1353 3315 praemittenda
1372 3249 1443 3292 esse
1465 3227 1575 3291 viden·

278 3441 298 3505 ¹)
318 3444 350 3493 of.
374 3444 402 3493 C.
422 3443 527 3494 Steiner
549 3445 581 3494 de
604 3461 676 3495 num.
701 3450 765 3494 6161.
785 3444 935 3493 Ρ66666166
960 3443 1036 3502 1850,
1058 3442 1090 3490 Α.
1109 3441 1229 3490 Schmidt
1255 3440 1310 3490 Aus
1333 3439 1357 3489 d.
1380 3456 1417 3504 gr.
1437 3438 1576 3502 Rhetorik,

173 3529 194 3580 Ι.
213 3531 265 3580 Ζ111
283 3531 371 3580 Lehre
390 3548 451 3581 vom
470 3538 534 3581 orat.
550 3533 682 3582 Numerus
700 3531 890 3581 Mannhemiae
910 3531 984 3590 1858,
1007 3530 1037 3579 F.
1052 3531 1083 3580 V.
1096 3529 1234 3579 Fritzeehe
1256 3528 1289 3578 de
1312 3528 1429 3577 numeris
1450 3528 1577 3576 orationis

173 3616 277 3667 66111166
289 3619 414 3668 Rostochi
429 3620 503 3683 1875,
524 3619 552 3669 (1,
566 3620 657 3669 Petere
670 3620 703 3669 de
715 3620 838 3668 Isocratis
851 3618 938 3668 studio
957 3633 1127 3667 numerorum
1145 3617 1312 3666 Parchimiae
1326 3616 1401 3674 1883,
1420 3614 1449 3664 C.
1462 3614 1576 3679 Iosephy

175 3704 230 3753 Der
247 3709 313 3754 orat.
332 3706 410 3756 Num.
431 3707 474 3756 bei
494 3707 623 3757 Isocrates
642 3707 696 3756 und
715 3706 910 3756 Demosthenes
929 3706 1021 3754 Turici
1041 3707 1115 3754 1881.
1152 3710 1292 3770 1116616166
1309 3704 1339 3753 F.
1357 3702 1434 3752 Blass
1451 3704 1480 3751 in
1499 3702 1576 3763 libro,

174 3806 253 3854 quem
271 3791 305 3843 de
324 3791 477 3858 eloquentia
495 3794 567 3859 apud
579 3794 681 3844 Atticos
700 3795 812 3859 scripsit,
831 3795 930 3858 passim
949 3793 982 3842 de
1001 3808 1111 3842 numero
1130 3793 1244 3842 oratorio
1263 3791 1416 3855 disputavit.
1452 3788 1485 3839 de
1504 3789 1575 3838 clau·

173 3879 239 3928 sulis
257 3888 370 3930 accentu
388 3884 543 3946 temperatis
562 3882 687 3932 disseruit
706 3882 736 3932 G.
750 3883 844 3945 Meyer
862 3881 995 3946 Spirensis
1012 3881 1081 3929 libro
1099 3877 1164 3929 ‘Der
1175 3879 1356 3928 accentuierte
1368 3876 1535 3928 Satzschluss
1548 3878 1577 3925 in

173 3966 222 4017 der
238 3968 337 4032 griech.
351 3969 442 4030 Prosa,
461 3969 604 4034 Gottingae
625 3966 708 4033 1891’3
728 3967 772 4033 (61.
786 3969 816 4018 L.
830 3969 967 4018 Havetum
986 3970 1014 4016 in
1033 3967 1204 4032 ephemeride
1222 3967 1315 4016 Revue
1334 3967 1390 4014 crit.
1409 3966 1523 4027 61891,
1542 3965 1576 4013 11.

174 4070 198 4118 p.
213 4055 261 4103 201
282 4060 309 4105 61
327 4056 358 4106 G.
376 4057 514 4120 Meyerum
534 4059 561 4106 iu
580 4057 751 4122 ephemeride
769 4056 841 4106 Berl.
859 4056 925 4121 111111.
944 4055 1133 4105 Woohenschr.
1155 4056 1228 4116 1892,
1248 4071 1272 4118 p.
1291 4054 1340 4102 182
1353 4050 1411 4117 sq).
1448 4051 1510 4100 dum
1533 4052 1577 4100 hio

172 4141 283 4192 libellus
301 4144 372 4208 typis
390 4144 556 4205 exscribitur,
575 4145 641 4194 mihi
659 4145 759 4194 Romae
777 4146 805 4193 in
825 4143 932 4194 Boethii
950 4143 1086 4192 codicibus
1105 4141 1271 4192 excutiendis
1288 4145 1417 4206 occupato
1435 4140 1464 4189 in
1483 4154 1577 4188 manus

174 4230 249 4278 venit
271 4246 337 4295 opus
359 4231 553 4296 amplissimum
570 4231 601 4282 Ε.
616 4232 734 4282 Nordeni
756 4228 816 4282 ‘Die
834 4232 927 4281 antike
944 4227 1128 4295 Kunstprosa',
1145 4232 1192 4295 qui
1211 4229 1244 4279 de
1262 4229 1313 4279 1166
1331 4244 1360 4279 16
1377 4229 1578 4278 accuratissime

174 4315 321 4382 disputavit
338 4318 390 4368 vol.
409 4319 436 4368 II
454 4335 479 4384 p.
493 4320 544 4368 908
556 4335 611 4384 sqq.
639 4319 690 4369 1166
713 4320 794 4384 igitur
816 4319 884 4368 libro
903 4334 946 4368 me
964 4320 1005 4368 uti
1023 4334 1077 4367 non
1095 4318 1213 4383 potuisse
1230 4331 1264 4367 ex
1282 4317 1321 4368 eis
1339 4331 1409 4381 qnae
1426 4315 1504 4366 modo
1522 4315 1578 4364 dixi

173 4402 347 4471 intellegitur.
1564 4445 1569 4454 .

278 4489 301 4558 ¹)
319 4492 387 4543 Nam
411 4493 442 4544 G.
461 4493 482 4544 I.
497 4493 607 4544 Vossius
626 4493 702 4560 (Inst
720 4493 765 4544 Or.
781 4494 837 4543 1111
854 4493 883 4560 4)
905 4498 934 4543 et
954 4493 987 4544 G.
1002 4493 1175 4542 Hermmus
1194 4490 1303 4557 (011666.
1320 4492 1341 4555 I,
1360 4507 1386 4556 p.
1400 4493 1449 4540 121
1468 4496 1498 4540 et
1516 4488 1579 4555 123)

174 4593 236 4628 eam
252 4595 309 4630 rem
326 4580 508 4630 tantummodo
527 4581 613 4632 obiter
631 4583 784 4647 tetigerunt.
815 4581 946 4632 Wicherti
964 4581 1121 4646 opusculum
1139 4595 1156 4630 a
1169 4579 1339 4629 Volkmanno
1356 4574 1460 4646 (Rhet.¹
1475 4595 1502 4642 p.
1514 4575 1577 4644 461)

175 4675 409 4721 commemoratum
428 4669 493 4719 mihi
511 4675 616 4736 praesto
635 4686 689 4720 non
707 4675 755 4720 est
