3542 5059
1555 185 1597 248 99

198 392 232 447 ut
260 382 390 447 demum
418 381 447 464 8,
475 380 515 444 15
542 379 709 463 adiciatur,
741 377 775 441 id
798 378 883 464 quod
908 377 1168 444 Scheidemantel
1195 402 1226 465 p.
1245 378 1285 441 16
1308 379 1468 463 cognovit,
1501 400 1601 463 quare

197 496 268 573 post
290 480 355 550 ‘ait‘
378 478 514 552 ‘Cicero'
538 486 680 549 inseruit.
726 505 802 547 mox
826 482 977 569 8,1900.
1003 506 1041 547 ea
1068 504 1152 569 quae
1175 482 1262 566 apud
1276 482 1456 567 Vergilium
1480 481 1600 565 Georg.

197 591 384 677 1138000.
413 590 563 674 leguntur
585 626 627 635 -
650 589 781 673 respicit
809 609 847 651 ea
871 587 1050 652 Euanthius
1078 587 1108 669 3,
1128 587 1149 650 5
1172 625 1213 634 —
1237 589 1374 672 scriptor
1400 589 1465 650 suis
1493 586 1602 651 verbis

196 699 297 783 iisque
322 697 511 782 plerumque
535 695 685 758 contortis
705 690 888 777 reddidit.¹)
926 703 993 757 tum
1015 715 1057 756 ex
1072 692 1198 756 Horatii
1219 690 1260 755 de
1276 701 1344 756 arte
1360 693 1486 777 poetica
1500 690 1603 754 XIIII

198 823 314 865 versus
341 799 417 866 inde
446 823 465 863 a
493 797 679 864 OOLXXV
707 796 907 880 adferuntur,
938 820 1133 883 quamquam
1164 796 1207 862 ad
1234 820 1273 861 ea
1300 820 1383 883 quae
1411 797 1602 862 confirmare

198 906 267 970 vult
300 903 559 981 demonstranda,
598 902 799 990 Aeschylum
834 901 1033 987 tragoediam
1069 904 1260 988 provexisse
1297 911 1394 988 atque
1429 902 1602 988 amplifica·

198 1014 282 1075 visse
313 1033 372 1074 sex
403 1011 497 1095 primi
524 1009 619 1094 plane
651 1006 853 1093 0011010011)
900 1029 983 1092 0000
1009 1016 1118 1072 autem
1146 1005 1186 1070 de
1213 1007 1399 1093 tragoediae
1423 1016 1454 1071 01
1480 1028 1601 1070 comoe-

198 1115 270 1180 diae
304 1116 431 1179 nomine
470 1122 501 1177 01
535 1114 657 1196 origine
690 1120 821 1176 auctore
856 1134 920 1176 non
957 1112 1096 1177 indicato
1130 1111 1337 1198 proferuntur
1373 1111 1414 1175 ad
1449 1111 1602 1176 Euanthii

199 1220 376 1284 doctrinam
406 1216 579 1282 referenda
606 1227 680 1281 sunt
703 1215 756 1303 (01.
782 1215 813 1298 8,
836 1216 885 1281 10.
913 1216 953 1278 19
976 1218 1061 1301 013,
1084 1217 1138 1300 11,
1167 1217 1197 1299 8,
1218 1216 1262 1280 24
1281 1239 1350 1303 sqq.
1375 1226 1407 1280 et
1430 1217 1461 1301 3,
1481 1216 1602 1301 2000,

198 1325 228 1401 9,
245 1325 265 1387 6
281 1324 359 1406 014,
376 1323 420 1406 2).
467 1344 562 1407 quem
591 1320 704 1385 eodem
732 1320 826 1384 modo
850 1342 913 1406 quo
937 1344 1012 1385 eum
1035 1323 1089 1406 qui
1112 1321 1165 1384 illa
1188 1323 1377 1407 conscripsit
1400 1343 1603 1385 communem

198 1428 239 1493 de
267 1429 315 1492 his
342 1428 440 1492 rebus
468 1429 649 1512 opinionem
677 1425 863 1511 amplexum
893 1425 996 1511 essel)
1025 1426 1198 1491 edocemur
1225 1426 1461 1512 prolegomenis
1489 1425 1529 1490 de
1553 1448 1603 1490 00-

199 1532 325 1597 moedia
356 1532 483 1596 scholiis
514 1535 546 1595 in
570 1529 820 1616 Aristophanem
850 1533 1035 1616 praemissis
1062 1541 1094 1595 et
1121 1533 1167 1595 010
1196 1553 1278 1616 0000
1302 1531 1476 1596 Diomedes
1500 1530 1540 1595 G.
1565 1530 1602 1594 L.

198 1637 313 1721 1481,
339 1638 440 1721 1100.
465 1635 593 1719 01488,
618 1636 638 1699 3
661 1634 789 1718 rettulit,
819 1635 875 1699 ubi
898 1635 1033 1699 eaedem
1056 1657 1106 1699 res
1131 1634 1245 1700 eadem
1268 1635 1336 1700 fere
1359 1637 1481 1700 ratione
1504 1633 1604 1720 expli·

199 1740 352 1827 0001004)
396 1743 503 1826 110000
528 1739 614 1826 quod
630 1739 762 1803 Teuber
785 1739 852 1824 po
875 1742 1095 1825 pronuntiavit
1116 1742 1219 1825 magis
1243 1762 1339 1825 qnam
1362 1739 1603 1822 demonstravit,

200 1870 238 1911 ea
262 1869 344 1931 quac
369 1844 398 1928 8,
415 1844 511 1927 4-9,
529 1845 570 1907 23
593 1844 744 1929 leguntur
765 1867 785 1906 a
809 1844 1016 1930 compilatore
1039 1845 1183 1930 profecta
1199 1867 1281 1929 esse,
1304 1845 1367 1909 hac
1390 1843 1602 1929 disputatione

200 1950 461 2035 comprobavisse
481 1949 559 2015 mihi
573 1948 695 2014 videor.
742 1971 825 2034 quae
846 1971 899 2013 res
920 1971 957 2013 eo
974 1971 1100 2034 quoque
1117 1949 1204 2034 quod
1221 1949 1390 2014 durissIma
1405 1949 1601 2035 singulorum
1633 1989 1638 1998 ·

199 2059 434 2120 enuntiatorum
465 2065 513 2119 est
540 2055 720 2118 coniunctio
750 2053 968 2118 confirmatur.
1015 2056 1122 2118 sexies
1148 2056 1182 2117 in
1209 2051 1380 2119 endntiatis
1408 2052 1602 2118 vocabulum

198 2153 386 2225 ‘comoedia'
409 2161 511 2245 primo
534 2158 604 2223 loco
627 2160 765 2243 positum
789 2168 838 2222 001
861 2158 1270 2246 (0101101014),
1300 2161 1408 2223 sexies
1439 2159 1603 2222 enuntiata

199 2265 356 2351 particula
370 2256 500 2328 ‘autem'
517 2271 729 2327 conectuntur
750 2261 794 2348 (8,
811 2263 840 2327 8.
860 2262 909 2328 12.
930 2263 979 2326 18.
996 2263 1053 2344 21,
1074 2262 1104 2347 9,
1124 2264 1150 2328 1.
1167 2262 1223 2349 6.),
1244 2274 1358 2349 quater
1378 2264 1603 2327 coniunctioni-

199 2370 259 2434 bus
283 2367 465 2434 causalibus
489 2367 578 2454 (nam
606 2367 635 2451 8,
659 2367 713 2450 16,
737 2389 877 2453 namque
902 2367 932 2451 8,
957 2367 1006 2451 18,
1027 2367 1082 2449 24,
1106 2370 1191 2432 enim
1214 2369 1245 2452 9,
1265 2369 1310 2454 4),
1339 2378 1453 2454 quater
1478 2376 1602 2430 tantum

199 2474 259 2538 alio
283 2473 377 2539 modo
402 2472 457 2560 (01.
481 2495 559 2536 vero
583 2472 687 2556 8,12,
711 2495 772 2536 000
796 2471 825 2555 8,
842 2472 899 2554 22,
927 2475 983 2558 001
1005 2472 1035 2556 9,
1052 2473 1082 2537 2.
1099 2472 1145 2558 4),
1168 2473 1218 2537 bis
1241 2474 1363 2538 nullum
1387 2475 1514 2537 omnino
1536 2474 1603 2536 vin-

200 2580 307 2643 culum
329 2579 490 2643 invenitur
514 2576 557 2664 (8,
582 2577 665 2663 600.
692 2576 731 2640 13
748 2575 821 2663 00.)

303 2683 417 2747 Altera
436 2705 512 2768 pars
535 2704 619 2767 quae
642 2683 770 2746 maioris
794 2691 842 2746 est
864 2682 1004 2748 ambitus
1023 2682 1085 2747 hoc
1108 2705 1170 2768 quo
1193 2706 1280 2747 nunc
1302 2683 1438 2748 traditus
1462 2681 1602 2746 0011000

200 2809 405 2874 nequaquam
432 2796 508 2871 apta
531 2809 601 2851 esse
625 2786 764 2870 videtur,
794 2809 868 2851 cum
891 2809 929 2851 eo
953 2790 1189 2852 enuntiato1um
1212 2788 1289 2853 ordo
1312 2786 1601 2874 interrumpatur.⁵)

199 2903 368 2979 praeterea
391 2893 508 2957 lacuna
531 2891 599 2955 hiat
620 2894 653 2955 in
676 2894 764 2956 initio
787 2913 827 2956 ac
849 2892 986 2957 fortasse
1010 2914 1137 2978 quoque
1160 2903 1232 2978 post
1252 2893 1356 2958 verba
1382 2892 1465 2976 12,1
1490 2883 1601 2956 ‘mere-

198 2999 269 3063 trici
291 2997 332 3061 ob
357 2999 525 3062 avaritiam
548 2997 670 3061 luteum
693 2992 798 3061 datur'
822 3006 871 3062 001
894 2997 1075 3079 statuenda,
1099 3020 1173 3062 cum
1197 2997 1424 3084 explicatione:
1448 2990 1601 3083 ‘syrmata

200 3102 287 3166 dicta
309 3110 382 3167 sunt
404 3100 446 3165 ab
469 3124 507 3166 eo
530 3100 616 3186 quod
638 3097 819 3165 trahuntur‘
846 3123 904 3166 nos
932 3124 1015 3187 quae
1038 3125 1176 3188 persona
1199 3104 1349 3188 syrmatis
1371 3101 1484 3166 induta
1505 3101 1602 3165 fuerit

199 3229 263 3270 000
294 3205 527 3292 edoceamurl)
558 3215 670 3270 auctor
702 3215 810 3272 autem
840 3206 934 3270 huius
965 3208 1063 3293 partis
1093 3206 1180 3271 idem
1211 3189 1306 3293 01000
1336 3209 1362 3271 10
1387 3209 1440 3292 001
1467 3204 1601 3291 reliqua,

200 3333 282 3397 quae
306 3311 560 3396 fragmentorum
589 3313 718 3376 nomine
749 3333 823 3376 cum
847 3311 1017 3398 Schopeno
1048 3312 1263 3399 significanda
1293 3334 1363 3376 esse
1394 3333 1492 3396 supra
1521 3308 1602 3394 dixi,

305 3557 326 3624 ¹)
346 3557 440 3623 quodsi
463 3558 521 3607 eius
539 3557 621 3608 verba
644 3573 704 3606 oum
723 3555 837 3622 Vergilii
855 3557 978 3608 versibus
1001 3559 1154 3619 contuleris,
1177 3558 1281 3609 videbis
1303 3572 1390 3623 neque
1413 3555 1526 3606 ridicula
1544 3571 1602 3606 0000

200 3660 269 3710 0000
291 3645 358 3695 dicit
379 3641 416 3694 ‘in
439 3645 522 3710 pratis
545 3646 660 3709 primum
682 3640 826 3709 mollibus',
849 3645 877 3694 id
901 3645 971 3709 quod
993 3645 1117 3697 Teubero
1140 3664 1165 3713 p.
1184 3651 1199 3695 (i
1217 3648 1303 3697 visum
1326 3652 1375 3710 001,
1398 3659 1485 3709 00000
1503 3643 1602 3693 Leonis

200 3732 380 3782 coniecturam
399 3729 578 3798 (100318)
597 3728 633 3782 'in
652 3733 735 3797 pratis
752 3733 868 3798 primum
887 3738 915 3783 01
933 3729 1056 3784 collibus'
1074 3735 1267 3800 accipiendam.

303 3816 324 3885 ²)
344 3824 461 3870 ceterum
479 3819 524 3868 hio
542 3819 626 3882 10000,
649 3821 696 3884 001
714 3821 773 3871 0100
791 3821 872 3871 dubio
893 3821 963 3870 male
980 3821 1095 3872 traditus
1114 3829 1161 3887 001,
1184 3823 1294 3873 fortasse
1313 3822 1417 3873 restItni
1436 3825 1522 3886 potest
1540 3835 1601 3868 con·

200 3906 311 3967 iectura,
334 3920 414 3970 quam
433 3905 648 3956 Soheidemantel
666 3923 691 3972 p.
707 3908 748 3969 15,
771 3907 831 3958 adn.
848 3910 860 3955 1
885 3909 1031 3974 proposuit,
1053 3915 1173 3975 recepta:
1191 3907 1259 3976 ‘post
1277 3925 1310 3960 ea
1328 3908 1477 3974 Aeschylus
1495 3911 1602 3957 0000100

200 3994 296 4058 prioris
314 3990 467 4058 exemplum
486 3990 676 4057 amplificavit.

304 4076 327 4144 1)
346 4079 379 4129 cf.
398 4083 537 4144 praeterea
554 4094 674 4144 eaquae
694 4082 717 4143 1,
736 4081 812 4142 7-8,
831 4083 846 4130 3
865 4089 1043 4147 exponuntur.

303 4164 325 4233 ⁴)
343 4166 377 4217 01.
401 4165 497 4217 Suidas
524 4183 543 4216 s.
563 4182 589 4216 v.
616 4167 755 4236 τρυγῳδία
782 4173 809 4218 01
831 4168 921 4220 Laert
941 4171 1019 4234 Diog.
1042 4171 1083 4220 III
1111 4172 1153 4232 34,
1176 4172 1218 4234 56,
1245 4171 1277 4221 Ε.
1302 4172 1393 4222 Hiller
1419 4171 1488 4222 Mus.
1514 4170 1601 4220 Rhen.

199 4253 356 4304 XXXVIIII
369 4255 416 4303 321
431 4269 497 4318 sqq„
516 4254 546 4304 F.
560 4253 693 4304 Susemihl
705 4256 771 4305 Rev.
784 4255 817 4305 de
830 4255 896 4320 phil.
909 4257 1016 4307 XVIIII
1036 4259 1084 4307 197
1097 4274 1163 4323 sqq,
1180 4257 1230 4308 Th.
1243 4259 1340 4324 Bergk,
1358 4259 1429 4308 Hist.
1442 4257 1493 4307 1111
1506 4258 1603 4309 Graec.

199 4339 241 4390 111
261 4341 301 4404 12,
320 4339 382 4392 adn.
400 4343 442 4392 30.
1409 4353 1412 4359 ·

303 4425 325 4493 1)
344 4429 461 4479 certain
479 4432 594 4478 tractatu
613 4427 707 4478 ultimo
726 4427 759 4478 de
777 4430 908 4495 adparatu
926 4447 1032 4498 quoque
1050 4448 1163 4484 scaenae
1182 4433 1226 4500 (01,
1247 4435 1333 4496 11,11
1353 4433 1386 4484 de
1403 4449 1459 4497 ara,
1479 4439 1549 4499 12,3
1568 4437 1601 4489 de

200 4512 307 4580 aulaea)
326 4514 404 4565 etde
422 4515 582 4566 histrionum
601 4517 700 4566 vestitu
718 4517 855 4582 agebatur.

304 4599 438 4667 ⁰)verbat
467 4599 583 4668 ‘puellae
609 4603 716 4654 habitus
742 4607 900 4670 peregrinus
927 4605 1072 4658 inducitur’
1099 4624 1160 4659 cum
1186 4609 1323 4675 Scaligero
1348 4609 1394 4677 (01.
1421 4611 1452 4663 F.
1470 4613 1602 4665 Wicseler

199 4683 452 4754 ‘Theatergebiude
475 4691 531 4741 und
553 4691 718 4742 DenkmiIer
739 4691 786 4742 des
808 4691 1041 4746 Bsshnenwasens'
1064 4711 1089 4761 p.
1103 4693 1148 4761 19)
1170 4701 1243 4745 reete
1265 4713 1294 4746 00
1312 4697 1411 4749 habere
1429 4705 1495 4765 puto
1513 4717 1601 4766 neque

1447 4787 1480 4836 7*
