3542 5059
267 448 319 514 Al.
341 448 393 531 55,
414 442 466 532 67,
489 444 561 528 106,
586 446 657 530 139,
681 447 752 530 166,
776 444 847 531 198,
868 445 943 529 212,
963 442 1037 529 310,
1058 442 1133 527 370,
1152 444 1227 527 410,
1247 441 1326 529 518)
1361 442 1525 507 enuntiata
1554 439 1664 505 adiun-

267 564 393 639 gantur.
422 590 465 599 -
492 551 532 639 O)
555 552 695 618 πολλάκι
722 549 776 617 καί
803 549 903 615 semel
930 550 1043 637 (Ther.
1061 548 1116 636 86)
1128 547 1153 635 ¹)
1180 550 1380 613 enuntiatum
1406 544 1592 627 adnectunt,
1621 584 1664 593 —

266 657 313 745 D)
343 658 481 724 πολλάκι
509 657 547 744 δή
579 654 704 722 duobus
725 655 805 720 locis
836 658 1000 721 enuntiata
1022 653 1133 740 (Ther.
1154 652 1219 717 253
1242 663 1274 717 et
1296 651 1347 716 Al.
1370 651 1458 738 236).
1503 650 1553 715 his
1580 648 1663 715 adde

267 762 318 828 Al.
335 760 399 826 300
415 784 473 848 sq.‚
496 783 560 847 quo
582 760 652 825 loco
676 760 739 825 duo
768 760 970 825 substantiva
992 756 1213 844 adiunguntur
1238 757 1438 823 substantivo
1468 756 1590 820 voculis
1611 753 1665 821 καί

267 890 347 933 ποτε
375 863 574 932 introducto:
602 864 656 932 καί
682 888 763 931 ποτε
796 862 923 953 ῥητίνην
948 858 1153 948 τερμινθίδα,
1179 862 1318 928 πολλάκι
1344 862 1472 949 πεύκης,
1497 862 1502 945 Ι
1525 860 1664 927 πολλάκι

267 970 321 1037 καὶ
353 969 469 1049 πίτυος
498 980 608 1058 γοερῆς
637 972 704 1035 άπὸ
730 970 850 1055 δάκρυα
884 967 1028 1058 τμηξαις.
1073 990 1179 1053 neque
1209 965 1288 1031 illud
1318 966 1590 1052 praetereundum
1618 976 1666 1031 est

267 1075 425 1154 πολλάκις
447 1078 577 1160 propria
607 1076 743 1156 notione,
774 1084 810 1138 ut
833 1074 949 1138 Latino
973 1065 1092 1157 ‘saepe’
1114 1071 1316 1157 respondeat,
1352 1071 1393 1136 de
1423 1071 1516 1135 factis
1546 1073 1665 1135 iteratis

267 1204 287 1245 a
312 1179 477 1244 Nicandro
507 1181 540 1243 in
571 1178 776 1261 carminibus,
808 1177 849 1241 de
879 1178 997 1264 quibus
1028 1179 1142 1263 agitur,
1174 1186 1312 1262 excepto
1342 1176 1411 1240 loco
1442 1174 1493 1239 Al.
1518 1176 1582 1238 212
1612 1175 1664 1239 ad-

266 1285 403 1349 hibitum
426 1306 491 1349 non
514 1305 595 1347 esse.

372 1387 474 1452 Multo
505 1390 607 1453 rarior
637 1396 686 1451 est
714 1408 791 1451 usus
825 1385 1054 1450 adverbiorum
1084 1384 1139 1452 6τὲ
1169 1396 1201 1451 et
1230 1382 1314 1451 τοτὲ.
1359 1384 1437 1449 hina
1467 1384 1666 1449 substantiva

267 1496 350 1558 inter
369 1515 404 1557 se
425 1492 583 1558 disiuncta
604 1491 704 1556 habes
720 1490 842 1556 voculis
862 1491 917 1557 ὁτὲ
936 1492 994 1574 μὲν
1018 1542 1075 1556 ...
1099 1490 1214 1557 άλλοτε
1237 1488 1274 1556 δέ
1282 1490 1307 1575 ²)
1331 1490 1382 1554 ΑΙ.
1399 1489 1462 1553 601
1487 1498 1520 1553 et
1542 1489 1594 1554 ὁτὲ
1610 1490 1667 1571 μὲν

268 1648 326 1663 ...
349 1595 496 1683 allow)
519 1594 690 1682 1114231)
714 1605 826 1660 contra
847 1595 920 1679 loci,
944 1595 1060 1681 quibus
1083 1595 1159 1659 hina
1182 1596 1347 1659 enuntiata
1372 1594 1421 1658 his
1442 1593 1563 1658 voculis
1585 1596 1667 1657 inter

268 1724 303 1766 se
326 1710 539 1788 opponuntur,
563 1703 690 1765 omnino
714 1700 838 1764 desunt.
884 1702 946 1764 tria
973 1709 1081 1764 autem
1103 1700 1305 1765 substantiva
1327 1698 1424 1763 Ther.
1444 1698 1543 1785 838⁵)
1566 1698 1667 1762 habes

268 1805 432 1891 particulis
463 1806 517 1872 ὁτὲ
623 1804 737 1871 άλλοτε
845 1803 900 1871 ύτέ
930 1804 1080 1870 distincta
1110 1814 1142 1869 et
1176 1804 1302 1891 singula
1336 1803 1482 1869 membra
1511 1804 1667 1868 adverbio

262 1909 323 1976 ύτέ
344 1910 471 1974 adiecta
494 1909 582 1973 hisce
604 1909 699 1973 locis:
723 1909 775 1973 Al.
792 1910 856 1975 355
872 1918 904 1973 et
919 1909 993 1990 574,
1018 1909 1134 1995 quibus
1148 1911 1317 1995 participia
1337 1920 1515 1995 sequuntur
1535 1907 1667 1972 liberius

268 2025 432 2101 usurpata.
478 2014 564 2079 adde
588 2013 674 2100 quod
696 2012 774 2077 locis
797 2014 894 2078 Ther.
911 2013 975 2077 506
992 2024 1024 2078 et
1039 2014 1090 2078 Al.
1106 2014 1172 2079 400
1194 2014 1355 2078 adiectiva
1377 2012 1500 2078 voculis
1522 2012 1576 2079 ὁτὲ
1596 2010 1632 2078 δέ
1640 2011 1666 2098 6)

372 2304 393 2371 ¹)
410 2306 457 2355 ubi
475 2303 602 2354 adiectivi
621 2302 744 2369 enallage
763 2318 843 2368 quam
861 2302 954 2353 dicunt
972 2304 1146 2368 conspicitur:
1167 2303 1283 2370 βροτέην
1308 2301 1370 2371 (hoc
1394 2305 1466 2353 enim
1489 2305 1517 2353 in
1535 2308 1565 2354 11
1585 2308 1665 2362 extat,

268 2394 297 2443 in
319 2392 430 2458 reliquis
451 2389 583 2459 βροτέων)
606 2390 707 2441 σιάλων
732 2390 832 2457 ὀδμήν.
868 2390 935 2441 locis
958 2406 1024 2455 quos
1046 2391 1133 2440 Ritter
1155 2392 1183 2439 in
1207 2390 1393 2441 dissertatione
1415 2393 1470 2456 p.8
1492 2392 1583 2441 adul
1600 2407 1670 2441 com·

268 2485 414 2531 memorata
432 2496 457 2544 p.
473 2481 504 2529 18
523 2478 582 2528 adn.
598 2480 610 2527 1
648 2478 682 2529 ad
705 2478 776 2527 hunc
794 2493 900 2527 versum
923 2479 1055 2542 congessit
1072 2478 1149 2528 Ther.
1169 2480 1228 2539 649,
1246 2478 1287 2527 Al.
1306 2480 1366 2541 200,
1385 2480 1445 2539 348,
1464 2480 1522 2536 483,
1541 2480 1600 2539 605,
1619 2480 1669 2528 613

268 2568 349 2617 addas
373 2582 472 2632 quaeso
496 2566 575 2616 Ther.
598 2568 622 2627 2,
647 2568 689 2627 91,
712 2566 772 2626 890,
798 2564 840 2615 ΔΙ,
861 2568 919 2625 107,
944 2567 1001 2625 163,
1024 2567 1084 2625 206,
1107 2567 1166 2625 402,
1190 2568 1249 2628 480,
1268 2567 1327 2627 616,
1351 2568 1409 2615 623.
1440 2566 1485 2630 qui
1503 2565 1557 2615 loci
1575 2565 1670 2632 (multo

268 2656 461 2720 frequentiores
484 2655 513 2703 in
535 2653 576 2702 Al.
601 2668 680 2717 quam
702 2654 731 2701 in
754 2650 843 2718 Ther.)
867 2653 1024 2718 plerumque
1047 2653 1085 2701 ita
1107 2654 1251 2717 comparati
1273 2659 1343 2715 sunt,
1370 2658 1401 2702 ut
1423 2659 1502 2717 poeta
1524 2653 1670 2703 rationibus

269 2743 385 2792 metricis
407 2745 513 2791 coactus
536 2756 568 2789 ac
594 2754 674 2805 saepe
701 2739 790 2789 hiatus
813 2740 915 2789 vitandi
942 2755 1023 2789 causa
1050 2738 1192 2804 enallagen
1219 2756 1359 2806 usurpasse
1382 2741 1515 2791 videatur:
1552 2741 1630 2791 Ther.
1654 2742 1669 2788 2

267 2833 328 2893 σίνη
349 2831 510 2895 ...θηρῶν
532 2828 536 2891 Ι
558 2825 678 2894 άπροῖδῆ
714 2825 849 2893 τύψαντα,
886 2829 918 2875 91
955 2827 1058 2893 στέρνῳ
1141 2827 1274 2893 μυλόεντι
1308 2830 1411 2891 θυείης,
1448 2828 1498 2877 649
1534 2826 1671 2894 σπέραδος

268 2918 472 2983 Νεμεαῖον
493 2915 610 2975 σελίνου,
637 2913 678 2963 Al.
700 2916 747 2964 107
771 2912 896 2977 λιβάνοιο
918 2913 1002 2979 χύσιν
1030 2916 1182 2981 περιπηγέα
1209 2912 1338 2980 θάμνοις,
1370 2916 1417 2963 163
1440 2914 1525 2970 δέπας
1548 2912 1671 2981 ἔμπλεον

268 3003 343 3067 οἴνης
359 3003 362 3063 Ι
379 3000 527 3070 Πράμνιον
540 3000 694 3068 αύτοκρηές,
714 3004 765 3051 200
781 3004 898 3064 Φοίβοιο
918 3038 964 3051 ...
985 2999 1112 3068 Δελφίδα
1121 3005 1230 3068 χαίτην,
1250 3004 1299 3052 206
1317 3001 1450 3068 γάλακτος
1465 3002 1470 3066 Ι
1485 3001 1604 3069 άφριάεν
1623 3042 1649 3052 ..
1665 3042 1671 3052 .

268 3092 369 3155 τεῦχος,
397 3091 448 3139 348
470 3090 565 3152 συκέης
593 3087 763 3139 αύανθεῐσαν
850 3088 932 3138 πόσιν
960 3088 1166 3156 ὀμφαλόεσσαν,
1198 3091 1249 3138 402
1277 3088 1397 3140 εὐανθέα
1429 3087 1533 3155 νάρδου
1550 3091 1555 3152 Ι
1570 3087 1670 3156 ῥιζίδα,

268 3179 319 3227 623
338 3175 497 3244 φωλεύοντα
516 3215 561 3226 ...
581 3177 674 3237 βαθύν
693 3176 774 3226 ὁλκὸν
793 3174 909 3240 ἐχίδνης,
933 3178 982 3225 606
996 3174 1132 3243 σπέραδος
1149 3176 1257 3226 σελίνου
1273 3176 1277 3240 Ι
1293 3172 1430 3241 Ἴσθμιον
1449 3175 1493 3242 (cf.
1508 3177 1587 3226 Ther.
1600 3175 1671 3242 649).

268 3264 329 3314 aliis
347 3270 436 3313 autem
455 3263 528 3325 locis,
550 3265 647 3328 quibus
665 3263 698 3313 de
717 3265 818 3313 ratione
836 3263 952 3327 quadam
971 3265 1082 3314 metrica
1100 3265 1213 3329 cogitari
1232 3280 1285 3313 non
1298 3270 1392 3329 potest,
1411 3263 1545 3314 Nicander
1560 3264 1672 3313 sortasse

270 3368 310 3413 eo,
329 3351 398 3415 quod
416 3368 499 3400 unum
518 3351 713 3400 substantivum
733 3368 793 3400 cum
811 3352 938 3416 genetivo
956 3351 1066 3401 alterius
1085 3353 1113 3401 in
1133 3366 1213 3400 unam
1231 3357 1365 3415 tamquam
1384 3353 1518 3401 notionem
1537 3352 1673 3411 coalescit,

270 3438 412 3505 perductus
429 3444 477 3501 est,
496 3444 526 3487 ut
545 3437 663 3502 epitheta
676 3454 736 3487 curn
755 3439 929 3488 substantivis
947 3455 1000 3487 non
1019 3440 1073 3487 suis
1092 3440 1266 3503 coniungeret
1284 3438 1328 3503 (cf.
1343 3438 1373 3488 0.
1387 3438 1533 3488 Schneider
1544 3438 1579 3488 ad
1592 3438 1672 3487 Ther.

269 3543 294 3575 v.
308 3523 366 3590 86):
385 3525 463 3574 Ther.
477 3526 510 3573 86
528 3526 643 3591 βροτέην
656 3524 757 3574 σιάλων
777 3564 782 3575 .
798 3564 802 3574 .
818 3564 823 3574 .
843 3524 943 3590 ὀδμήν,
962 3527 1013 3573 890
1026 3522 1123 3575 Ἰνδὸν
1130 3527 1225 3592 χεῦμα
1245 3565 1250 3575 .
1265 3564 1270 3575 .
1284 3565 1290 3576 .
1305 3523 1449 3587 Χοάσπεω,
1468 3525 1509 3575 ΑΙ.
1522 3528 1573 3575 480
1586 3530 1674 3593 κρίσις

270 3609 360 3681 οὔρων
376 3612 380 3676 Ι
397 3611 490 3662 άλλοτε
504 3612 658 3678 πορφυρέη,
676 3609 732 3661 τότ’
744 3610 873 3661 έπιπλέον
887 3612 1070 3678 αίμάσσουσα,
1091 3614 1140 3661 483
1155 3614 1322 3676 Φωκήεσσαν
1342 3652 1367 3662 ..
1383 3652 1388 3661 .
1408 3612 1491 3662 πόσιν
1509 3611 1673 3681 ἐλλεβόροιο,

271 3702 321 3749 616
347 3697 455 3762 βώλακα
484 3703 562 3766 γαίης
588 3698 593 3761 Ι
619 3700 781 3765 ναιομένην,
809 3701 860 3748 613
879 3699 1060 3767 χαλικροτέρη
1084 3700 1162 3756 πόσις
1186 3700 1267 3763 οἴνης.
1303 3701 1408 3750 accedit
1435 3700 1508 3750 locus
1530 3701 1673 3751 admodum

270 3787 365 3836 similis
383 3786 426 3836 Al.
440 3788 487 3834 311
509 3785 644 3852 γάλακτος
660 3786 664 3849 Ι
680 3786 859 3851 πηγνυμένου
878 3787 1001 3853 κορέοιτο
1020 3786 1169 3856 υεημέλκτη
1188 3786 1230 3837 ert
1248 3788 1337 3855 πέλλη.

374 3870 396 3938 ²)
415 3873 449 3923 cf.
463 3876 491 3923 Σ
502 3874 552 3922 699
566 3889 624 3937 sqq.

374 3957 584 4025 0mem

375 4046 397 4112 4)
416 4048 461 4111 qui
485 4062 576 4096 versus
599 4047 776 4096 remediorum
804 4049 1033 4097 enumerationem
1060 4049 1216 4099 incohantes
1239 4049 1351 4099 eandem
1375 4050 1431 4099 fere
1452 4065 1516 4116 prae
1537 4065 1566 4100 se
1584 4047 1676 4099 ferunt

272 4135 395 4198 speciem,
414 4151 474 4184 cum
494 4141 606 4198 uterque
624 4150 640 4185 a
659 4134 866 4185 demonstrativo
885 4138 923 4201 τῷ
941 4132 967 4184 δ’
980 4137 1105 4201 incipiat;
1124 4137 1157 4186 cf.
1176 4142 1315 4202 praetcrea
1333 4137 1374 4185 Al.
1391 4139 1448 4198 128,
1462 4140 1521 4197 385,
1534 4139 1593 4186 646.

375 4218 398 4286 ⁵)
416 4221 466 4270 hoc
485 4221 543 4271 loco
562 4221 709 4285 particulae
728 4220 762 4285 δὴ
782 4225 835 4287 γάρ
854 4223 967 4272 voculae
985 4224 1033 4273 δτέ
1050 4223 1212 4288 praecedunt
1230 4225 1347 4288 itemque
1359 4224 1400 4273 Al.
1415 4226 1472 4281 284,
1492 4240 1569 4289 quem
1583 4224 1674 4273 locum

273 4308 303 4359 O.
317 4307 463 4358 Schneider
480 4308 578 4357 librum
598 4313 626 4357 Π
643 4314 748 4358 secutus
771 4308 864 4374 (ceteri
887 4310 959 4359 enim
982 4326 1074 4361 omnes
1093 4312 1109 4360 6
1128 4327 1159 4377 γε
1181 4311 1299 4376 tradunt)
1322 4312 1361 4361 sic
1384 4311 1478 4361 edidit:
1502 4309 1535 4375 δὴ
1560 4312 1613 4378 γάρ
1634 4308 1676 4360 ὅτ’

274 4392 426 4461 ἔμπληκτος
455 4397 544 4463 φρένα
573 4394 714 4461 δάμναται
741 4396 870 4446 adnotans
901 4398 956 4457 ὁτέ,
986 4398 1057 4461 quod
1086 4399 1183 4448 Latino
1212 4395 1429 4463 ‘nonnumquam‘
1454 4398 1604 4464 respondet,
1635 4400 1677 4447 rei

274 4484 554 4533 convenientissimum
580 4498 644 4533 esse.
680 4482 731 4533 hac
754 4486 862 4535 notione
885 4485 1044 4534 instructum
1068 4487 1116 4536 δτέ
1136 4502 1241 4550 quoque
1262 4486 1304 4535 Al.
1323 4488 1375 4536 584
1397 4486 1444 4536 ναὶ
1466 4487 1524 4552 μὴν
1545 4488 1601 4541 τοῖς
1629 4485 1675 4536 ὁτὲ

274 4569 371 4638 νέκταρ
454 4570 549 4638 χεύαις
568 4570 673 4636 legitur.

376 4656 399 4724 ὃ)
418 4657 480 4707 vide
498 4676 522 4724 p.
536 4660 570 4707 34
588 4656 649 4706 adn.
664 4660 678 4706 7
685 4675 691 4721 3
711 4658 743 4707 cf.
759 4663 783 4707 P
796 4661 844 4708 177
857 4675 895 4723 sq.
915 4658 1033 4725 άλκιμον
1045 4659 1133 4728 άνδρα
1147 4662 1232 4728 φοβεῖ
1248 4700 1253 4711 .
1268 4700 1273 4710 .
1288 4698 1315 4722 .,
1334 4660 1378 4711 6τὲ
1398 4658 1424 4710 δ’
1438 4660 1519 4716 αὐτὸς
1531 4658 1678 4727 ἐποτρύνει

273 4744 461 4812 μαχέσασθαι.
