3542 5059
249 441 378 505 exculto
390 463 463 504 raro
474 451 598 505 tantum
610 441 769 526 leguntur,
786 451 897 505 contra
910 441 1062 506 nonnulla
1073 441 1242 525 vocabula,
1258 444 1291 504 in
1303 443 1412 526 primis
1424 439 1599 525 particulae
1615 442 1646 502 in

249 544 414 610 Theriaeis
429 545 632 631 frequentata
646 547 678 609 in
694 545 975 631 Alexipharmacis
995 545 1111 631 desint,
1133 546 1271 632 denique
1287 555 1387 610 totum
1403 545 1647 630 Alexipharma-

249 672 359 713 corum
375 673 515 734 carmen,
536 673 610 715 cum
626 650 737 716 ordine
752 660 820 714 tum
836 673 983 715 sermone
997 652 1163 716 Theriacis
1182 651 1281 715 multo
1296 649 1506 735 aequabilius,
1527 650 1646 712 maiore

248 754 418 839 elegantia,
435 757 460 818 si
477 777 540 840 qua
556 757 588 819 in
604 755 768 820 Nicandro
785 757 880 819 statui
896 765 1001 841 potest
1016 756 1184 841 elegantia,
1202 756 1383 819 confectum
1399 777 1470 818 esse
1489 753 1645 817 videatur.

350 860 464 944 Itaque
488 881 683 945 quamquam
707 883 724 923 e
748 860 955 943 carminibuS,
980 883 1062 946 quae
1082 860 1125 925 ad
1141 883 1198 925 nos
1222 870 1450 945 pervenerunt,
1474 858 1515 923 de
1539 857 1647 922 didac-

247 965 310 1028 tica
337 1002 380 1011 —
402 974 438 1028 ut
467 966 510 1027 ita
541 963 648 1027 dicam
673 1002 716 1011 -
748 964 968 1028 tantummodo
998 964 1155 1028 Nicandri
1189 967 1331 1028 oratione
1365 963 1500 1027 iudicari
1532 972 1646 1048 potest,

246 1077 355 1133 tamen
377 1091 441 1133 non
465 1068 557 1133 abest
580 1070 662 1153 epici
685 1091 813 1153 quoque
836 1069 931 1133 huius
954 1079 1068 1155 poetae
1092 1072 1257 1152 sermome,
1281 1069 1408 1155 qualem
1423 1070 1454 1131 in
1473 1067 1646 1152 deperditis

246 1174 513 1237 Heteroeumcnis
533 1195 608 1237 eum
625 1172 810 1237 adhibuisse
826 1173 920 1237 nobis
937 1173 1142 1259 cogitandum
1161 1184 1219 1257 est,
1236 1176 1341 1238 animo
1359 1172 1533 1258 effingendi
1549 1172 1647 1237 facul-

246 1289 306 1341 tas.
340 1280 448 1343 insunt
470 1280 555 1341 enim
577 1280 610 1340 in
625 1277 790 1341 Theriacis
806 1278 872 1343 XV
894 1280 1022 1362 generis
1046 1281 1128 1363 epici
1151 1278 1376 1363 digressiones,
1399 1276 1516 1363 quibus
1532 1277 1647 1341 LXXI

245 1404 358 1446 versus
390 1382 582 1465 efficiuntur,
614 1384 647 1445 in
677 1380 960 1468 Alexipharmacis
990 1392 1098 1447 autem
1130 1383 1215 1447 XIII
1245 1382 1400 1447 eiusmodi
1428 1381 1499 1466 loci,
1531 1382 1646 1467 quibus

246 1486 463 1550 XXXXVIII
485 1508 598 1550 versus
622 1486 839 1573 explentur31)
867 1487 1029 1551 CXVIIII
1051 1490 1148 1572 igitur
1170 1487 1262 1551 nobis
1285 1495 1412 1573 praesto
1436 1499 1511 1550 sunt
1532 1509 1646 1551 versus

246 1593 290 1654 ita
313 1593 497 1676 comparati,
522 1601 558 1655 ut
581 1613 623 1653 ex
647 1594 692 1655 eis
709 1591 848 1677 quodam
864 1591 959 1655 modo
977 1591 1017 1656 de
1034 1590 1163 1656 dicendi
1178 1613 1308 1675 genere,
1325 1613 1387 1677 quo
1403 1593 1436 1654 in
1452 1590 1646 1655 carminibus

244 1695 381 1759 heroicis
411 1718 494 1780 quae
525 1697 651 1780 scripsit
680 1695 858 1780 pangendis
883 1695 1047 1760 Nicander
1081 1719 1157 1760 usus
1193 1706 1250 1778 est,
1290 1698 1507 1760 coniecturam
1537 1696 1645 1759 facere

244 1799 348 1864 liceat.
378 1821 440 1885 quo
457 1822 500 1862 ex
516 1802 692 1863 numerosi
711 1799 779 1863 illos
801 1802 963 1864 intuemur
984 1802 1081 1884 locos,
1106 1803 1160 1886 qui
1184 1812 1411 1886 quaternorum
1433 1800 1485 1864 vel
1508 1800 1646 1885 plurium

244 1927 396 1969 versuum
430 1914 517 1969 sunt:
556 1904 653 1968 Ther.
688 1903 805 1982 8-12,
846 1904 983 1988 13-20,
1021 1905 1203 1988 309-317,
1241 1905 1424 1989 343-354,
1462 1904 1645 1988 484-487,

244 2008 426 2085 ote-549,
440 2008 622 2093 668-675,
635 2008 817 2092 685—688,
830 2008 1014 2093 903-906,
1037 2009 1089 2073 Al.
1104 2009 1243 2093 30-34,
1263 2008 1444 2092 100-105,
1464 2009 1644 2093 149-152,

246 2114 426 2189 lta-177,
463 2113 646 2198 tlt-220,
680 2113 863 2196 406—409,
898 2114 1082 2197 446-451,
1117 2113 1300 2197 eeu-562,
1331 2114 1381 2177 his
1412 2135 1538 2199 quoque
1567 2113 1644 2178 loeis

244 2218 322 2282 nihil
345 2217 432 2282 aliud
456 2219 524 2282 fere
547 2241 645 2304 quam
668 2219 785 2283 exilem
801 2221 1005 2304 iciunamque
1022 2218 1170 2283 versibus
1185 2220 1341 2283 inclusam
1358 2227 1644 2303 rerumgestarum

246 2325 518 2387 enumerationem
549 2325 729 2387 invenimus
759 2323 801 2388 ab
832 2326 918 2387 omni
948 2326 1073 2410 poetico
1103 2326 1214 2408 vigore
1247 2323 1440 2402 destitutam,
1472 2344 1545 2386 cum
1575 2323 1645 2386 aliis

244 2427 344 2491 rebus
375 2437 443 2492 tum
474 2427 589 2492 crebra
621 2430 873 2492 enuntiationum
897 2428 1162 2493 secundariorum
1185 2430 1268 2492 inter
1290 2450 1324 2492 se
1348 2438 1496 2513 aptarum
1520 2449 1645 2491 coacer-

242 2535 371 2597 vatione
402 2530 457 2619 (cf.
474 2532 570 2596 Ther.
591 2532 728 2616 13-16,
753 2532 936 2617 309-313,
959 2533 1142 2616 484-487,
1167 2531 1347 2615 eas-688,
1379 2530 1562 2614 903-906,
1591 2531 1643 2595 Al.

245 2635 425 2719 100-105,
451 2636 636 2721 149-152)
674 2659 788 2722 parum
819 2637 1004 2702 iucundam.
1051 2660 1134 2723 quae
1165 2661 1239 2701 cum
1266 2639 1310 2701 ita
1341 2639 1412 2719 sint,
1447 2658 1511 2701 non
1542 2639 1644 2700 maius

245 2740 420 2827 quidquam
449 2740 489 2804 de
522 2740 650 2805 dicendi
673 2764 792 2826 genere
816 2743 973 2826 suspicari
995 2742 1070 2806 licet
1092 2767 1111 2806 a
1133 2741 1298 2806 Nicandro
1325 2744 1357 2805 in
1380 2742 1646 2806 Hetcrocumenis

246 2845 401 2929 adhibite,
433 2868 527 2930 quae,
558 2869 631 2909 cum
661 2845 740 2909 nihil
770 2848 831 2909 nisi
861 2848 895 2910 in
924 2847 1100 2911 versiculos
1130 2847 1297 2911 redactum
1323 2846 1507 2910 fabularum
1530 2868 1645 2932 eorpus

245 2960 363 3033 essent,
388 2950 429 3014 ob
452 2953 606 3014 materiae
630 2949 761 3035 quidem
783 2951 1042 3015 subministratae
1066 2951 1246 3016 ubertatem
1270 2974 1344 3015 cum
1360 2951 1429 3014 aliis
1444 2960 1511 3014 tum
1528 2950 1645 3015 Ovidio

245 3176 314 3225 quae
332 3177 410 3210 suum
428 3160 612 3210 vindicaverat
624 3161 779 3221 Homerum,
799 3162 937 3225 respiciat;
956 3161 989 3209 cl.
1000 3161 1030 3211 lr.
1044 3164 1075 3209 14
1089 3167 1116 3211 et
1128 3162 1259 3211 scholium
1278 3162 1310 3211 ad
1322 3162 1400 3211 Ther.
1412 3163 1471 3211 957.
1494 3176 1563 3226 quae
1584 3177 1644 3210 cum

244 3250 283 3297 ita
301 3250 362 3308 sint,
382 3264 398 3297 a
416 3262 478 3297 vero
497 3247 639 3297 abhorrere
658 3264 711 3297 non
729 3247 835 3297 videtur
853 3249 924 3298 inter
941 3249 1073 3298 Theriaca
1091 3256 1118 3298 et
1136 3248 1359 3315 Alexipharmaea
1377 3250 1499 3299 conlecta
1516 3249 1644 3312 hymnum

245 3335 320 3384 illum
340 3336 368 3384 in
387 3334 514 3394 Attalum,
533 3350 612 3398 quem
635 3334 667 3384 Ο.
681 3334 826 3385 Schneider
848 3334 967 3401 prolegg.
982 3353 1007 3401 p.
1022 3339 1071 3385 129
1093 3338 1183 3386 neseio
1205 3352 1259 3400 qua
1281 3337 1313 3386 de
1341 3353 1422 3386 eausa
1444 3335 1583 3403 ἐγκώμιον
1607 3338 1645 3390 εἰς

243 3419 401 3479 >iucundus
428 3426 514 3482 vocat,
542 3423 716 3486 compositum
740 3438 805 3471 esse.
841 3423 1005 3472 Nicandrum
1034 3426 1114 3486 enim,
1143 3429 1281 3488 postquam
1305 3424 1437 3473 Theriaea
1464 3430 1491 3473 et
1514 3424 1645 3488 Georgica

245 3510 408 3574 conscripsit,
427 3524 455 3558 se
473 3509 507 3557 ad
526 3508 646 3558 Attalum
665 3524 754 3575 regem
772 3509 959 3574 adplicavisse,
982 3512 1029 3574 qui
1053 3511 1085 3560 de
1108 3510 1235 3561 antidotis
1258 3516 1285 3560 61
1307 3510 1340 3561 de
1362 3513 1419 3577 agri
1442 3511 1547 3561 cultura
1563 3511 1645 3560 libros

244 3597 392 3662 composuit
411 3595 455 3661 (cf.
475 3596 506 3645 0.
525 3596 671 3646 Schneider
690 3596 807 3662 prolegg.
826 3614 851 3661 p.
871 3595 899 3661 8)
918 3613 1046 3662 perquam
1065 3598 1204 3664 probabile
1223 3604 1271 3648 est.

348 3679 369 3749 ²)
389 3683 417 3732 hi
436 3682 489 3732 loci
507 3689 582 3733 sunt:
601 3684 680 3733 Ther.
700 3685 785 3732 8-12
809 3684 842 3733 de
866 3687 1033 3749 serpentibus
1056 3686 1169 3750 aliisque
1192 3686 1348 3751 perniciosis
1372 3686 1463 3735 hestiis
1485 3686 1644 3735 eTitauum

245 3771 375 3835 sauguine
394 3771 471 3833 natis,
498 3772 599 3819 13-20
618 3771 651 3821 de
669 3773 808 3835 scorpione
826 3786 842 3821 a
861 3773 950 3822 Diana
968 3779 1114 3837 procreato,
1140 3775 1188 3821 122
1207 3788 1244 3837 sq.
1268 3772 1301 3822 de
1319 3772 1482 3832 Pleiadibus,
1506 3773 1644 3822 eoa-317

245 3858 278 3908 de
296 3858 499 3908 haemorrhoide
517 3859 551 3907 ab
567 3858 674 3908 Helena
692 3859 725 3907 ob
744 3857 848 3908 Canobi
867 3860 976 3910 caedem
995 3867 1099 3920 necata,
1118 3862 1257 3909 343-354
1276 3860 1309 3909 de
1327 3860 1479 3909 hominibus
1497 3860 1645 3909 iuventutis

245 3945 313 3995 dono
336 3945 464 4010 spoliatis,
489 3946 539 3994 439
558 3961 595 4008 sq.
621 3945 654 3994 de
677 3945 791 3995 dracoue
814 3960 831 3994 a
853 3946 960 3996 Paeone
983 3947 1103 4010 educato,
1127 3948 1264 3996 484-487
1288 3947 1321 3997 de
1339 3946 1469 3996 Ascalabo
1491 3952 1518 3996 et
1540 3946 1646 4007 Cerere,

246 4034 294 4081 501
314 4048 352 4095 sq.
377 4032 410 4083 de
433 4032 556 4082 Chironis
574 4034 702 4082 Centauri
727 4032 824 4093 radice,
848 4034 986 4082 ele-549
1010 4034 1043 4083 de
1066 4034 1165 4083 Alcibii
1188 4035 1336 4094 sanatione,
1359 4036 1409 4082 608
1428 4049 1466 4097 sq.
1489 4033 1523 4084 de
1545 4033 1645 4082 Cadmo

245 4125 325 4183 atque
344 4120 500 4182 Harmonia,
523 4121 573 4168 613
592 4135 629 4183 sq.
649 4119 682 4169 de
700 4119 825 4185 Apolline
845 4126 872 4169 et
890 4122 999 4184 myrica,
1022 4122 1159 4171 ees-eta
1184 4122 1217 4170 de
1239 4121 1322 4170 herba
1344 4123 1378 4170 ab
1396 4121 1501 4170 Alcibio
1524 4122 1645 4181 inventa,

247 4208 383 4257 685-688
403 4207 435 4256 de
448 4207 551 4273 Iphicle
564 4222 580 4256 a
592 4208 699 4257 Paeone
717 4212 818 4267 sanato,
837 4208 889 4255 835
902 4223 940 4271 sq.
952 4208 985 4257 de
999 4207 1080 4258 Ulixe
1093 4210 1213 4273 trygonis
1226 4209 1320 4258 aculeo
1339 4207 1487 4267 interfecto,
1506 4208 1644 4257 aue-906

245 4296 278 4345 de
290 4294 415 4359 Apolline
433 4299 513 4359 atque
532 4294 696 4359 Hyacintho,
714 4293 756 4343 Al.
768 4296 871 4343 30-34
890 4295 923 4343 de
942 4295 1049 4358 Silonis,
1069 4297 1206 4345 100-105
1225 4295 1258 4344 de
1276 4297 1370 4345 arbore
1388 4295 1496 4343 Persica
1513 4310 1530 4344 a
1548 4295 1645 4344 Perseo

245 4382 273 4430 in
291 4396 355 4446 agro
368 4382 515 4447 Mycenaeo
534 4383 628 4447 posita,
649 4383 698 4429 130
711 4396 765 4445 sqq.
786 4381 819 4430 de
832 4381 928 4431 Cerere
942 4387 968 4431 61
979 4383 1081 4443 Iamba,
1101 4384 1237 4432 149-152
1250 4382 1283 4431 de
1296 4382 1374 4430 Samo
1392 4381 1489 4440 insula,
1509 4381 1644 4430 172-177

245 4468 278 4519 de
297 4483 367 4532 aqua
385 4470 494 4534 ignique
513 4484 529 4517 a
547 4470 671 4533 Neptuno
690 4469 777 4517 ventis
801 4484 895 4533 parere
918 4470 1004 4529 iussis,
1028 4471 1078 4518 200
1101 4470 1134 4519 de
1157 4469 1232 4530 lauro
1254 4474 1281 4518 et
1298 4467 1431 4534 Apolline,
1456 4470 1594 4517 art-220
1612 4468 1645 4517 de

245 4555 337 4605 Rheae
355 4555 499 4617 sacerdote,
518 4557 568 4604 273
587 4556 619 4605 de
638 4556 696 4619 igni
715 4555 802 4605 ferula
820 4556 962 4619 occultato,
981 4558 1119 4605 eoa-304
1142 4556 1175 4605 de
1200 4558 1262 4620 pino
1284 4556 1406 4619 Marsyae
1425 4555 1508 4604 fatum
1526 4554 1645 4620 lugente,

245 4645 383 4693 406-409
406 4643 439 4692 de
461 4643 520 4692 lilio
543 4658 574 4692 ac
596 4643 711 4703 Venere,
735 4644 870 4692 446-451
898 4644 931 4694 de
954 4645 1050 4709 apibus
1073 4644 1184 4693 evituli
1209 4642 1339 4692 cadavere
1362 4644 1440 4705 natis,
1464 4644 1514 4692 560
1532 4657 1589 4706 sqq.
1612 4642 1646 4692 de

244 4731 303 4795 lyra
322 4747 338 4781 a
357 4732 518 4780 Mercurioe
537 4729 671 4780 testudine
689 4730 769 4793 facta,
789 4732 838 4779 605
858 4747 913 4795 sqq.
933 4731 966 4780 de
985 4732 1046 4796 apio
1064 4731 1134 4781 ludis
1153 4730 1285 4780 Isthmieis
1303 4730 1431 4780 adhibite.
