3542 5059
233 252 294 316 166

230 447 318 509 nicos
341 445 484 529 Latinos,
512 467 586 510 eum
609 445 711 530 pedes
737 445 849 530 longos
873 445 1044 530 solverent,
1072 447 1107 510 id
1134 449 1269 530 cavisse,
1293 469 1333 512 ne
1356 455 1509 510 accentus
1531 469 1634 531 gram-

230 552 367 615 maticus
395 572 468 614 cum
495 552 628 615 metrico
656 549 856 636 pugnaret,¹)
883 561 1003 636 quanto
1030 555 1133 637 magis
1161 561 1304 616 oratores
1332 551 1515 616 elaborasse
1545 562 1633 636 puta-

230 653 346 738 bimus,
374 677 414 719 ne
442 664 595 719 accentus
623 657 748 720 metrici
775 678 794 718 a
821 659 1033 740 grammatico
1060 657 1280 742 discrepantia
1307 658 1457 720 orationis
1480 654 1636 719 decursus

230 781 419 824 numerosus
440 759 652 824 dirimeretur.
691 780 730 823 ac
753 781 883 823 revera
906 763 933 824 si
952 763 1064 825 cretici
1086 763 1149 825 arsi
1176 763 1282 846 priore
1304 760 1408 825 soluta
1429 770 1493 824 tres
1515 760 1634 824 breves

231 885 295 928 uno
318 863 419 928 verbo
443 863 761 948 comprehenduntur
784 863 836 928 vel
859 865 997 929 verbum
1019 868 1057 930 iis
1079 868 1278 951 terminatur,
1301 875 1455 930 accentus
1477 888 1634 951 gramma-

229 969 312 1032 ticus
329 991 402 1033 cnm
417 971 549 1033 metrico
566 979 720 1033 consonet
735 991 868 1034 necesse
885 980 948 1054 est;
968 969 1058 1036 velut
1072 971 1140 1037 Cic.
1158 970 1238 1036 Cato
1253 993 1294 1035 m.
1314 970 1354 1034 13
1377 973 1474 1056 opere
1497 973 1636 1036 cessavit

231 1071 316 1159 (eL-e
328 1133 349 1142 -
359 1072 394 1142 ll
407 1072 459 1158 υ),
483 1073 560 1138 ibid.
578 1073 621 1137 52
643 1075 741 1138 nimia
764 1073 927 1156 fundatur,
956 1075 1032 1141 Sall.
1049 1074 1118 1141 Cat.
1136 1076 1166 1159 3,
1182 1076 1204 1139 5
1232 1085 1314 1140 extr.
1338 1074 1460 1140 invidia
1481 1075 1634 1158 vexabat,

231 1201 304 1242 cum
327 1178 457 1242 elisione
480 1177 522 1242 ib.
540 1177 592 1262 20,
610 1177 645 1242 9:
678 1177 826 1265 iudici(a)
851 1185 1037 1264 egestatem,
1061 1181 1141 1245 Tae.
1162 1180 1247 1245 Dial.
1269 1181 1290 1244 5
1312 1183 1411 1265 algere
1438 1202 1503 1244 non
1526 1182 1633 1265 pdssit,

230 1281 326 1368 Apul.
344 1284 421 1347 Met.
438 1283 472 1347 Il
490 1282 528 1345 18
549 1285 664 1368 poterit
684 1283 822 1348 adferre.
862 1287 927 1349 arsi
947 1297 1055 1349 autem
1070 1289 1246 1371 posteriore
1263 1286 1375 1371 soluta,
1396 1289 1422 1350 si
1436 1295 1502 1350 tres
1519 1286 1635 1350 breves

230 1389 317 1452 initio
337 1388 431 1452 verbi
454 1391 616 1473 sequentis
640 1390 852 1472 continentur,
877 1401 1031 1454 accentus
1051 1393 1204 1455 metricus
1225 1402 1380 1455 consonat
1402 1413 1476 1455 cnm
1498 1401 1634 1454 accentu

230 1495 333 1578 gravi,
361 1495 415 1578 qui
442 1495 474 1556 in
502 1493 685 1577 verborum,
714 1516 797 1579 quae
825 1517 843 1558 e
871 1498 1035 1580 quaternis
1062 1496 1116 1559 vel
1142 1495 1288 1581 pluribus
1316 1495 1449 1583 syllabis
1477 1504 1634 1578 constant,

231 1597 357 1684 syllaba
383 1598 459 1662 inde
486 1623 506 1663 a
532 1598 597 1662 fine
621 1609 734 1684 quarta
758 1600 810 1663 vel
838 1602 948 1685 quinta
975 1599 1114 1683 auditur,
1143 1601 1231 1665 velut
1258 1600 1324 1666 Oic.
1349 1600 1419 1666 Cat.
1449 1603 1521 1665 mai.
1546 1601 1635 1684 5,15

231 1706 377 1788 quaeque
405 1702 572 1768 videamus
601 1703 829 1789 (Leo—alh),
860 1705 902 1769 ib.
925 1704 954 1787 l,
975 1704 1018 1768 22
1057 1705 1158 1770 multa
1180 1707 1404 1788 meminerunt,
1438 1705 1535 1792 Apul.
1556 1707 1633 1770 Met.

230 1806 299 1871 118
322 1809 448 1872 nativus
469 1809 628 1892 dperatur,
650 1811 694 1872 ita
708 1819 827 1892 tamen,
850 1819 884 1872 ut
904 1812 999 1874 etiam
1020 1833 1058 1873 ea
1079 1809 1214 1896 syllaba,
1236 1833 1320 1896 quae
1339 1819 1511 1874 accentum
1531 1833 1635 1895 gram-

228 1914 383 1976 maticum
399 1923 530 1977 acutum
546 1912 654 1996 hahet,
679 1923 817 1978 accentu
838 1916 971 1978 metrico
995 1914 1084 2001 (enm
1108 1914 1190 1998 dico,
1214 1918 1268 2000 qui
1291 1915 1333 1979 ad
1355 1916 1543 1981 trochaeum
1566 1937 1635 2000 per·

230 2018 322 2104 tinet)
347 2018 572 2104 distinguatur:
598 2019 638 2083 cf.
664 2020 814 2106 exempla
836 2019 932 2083 modo
954 2019 1063 2084 adlata
1086 2019 1223 2105 aliaque,
1247 2019 1347 2084 veluti
1368 2019 1435 2086 Cic.
1459 2023 1492 2084 in
1515 2018 1584 2085 Cat.
1601 2020 1636 2084 Il

232 2123 274 2188 25
308 2134 389 2189 extr.
424 2126 502 2190 vitia
537 2124 703 2211 superari?
737 2123 990 2211 (ckm'lLe),
1024 2125 1102 2189 Tac.
1128 2124 1201 2191 dial.
1229 2126 1268 2189 13
1305 2125 1450 2212 trepidus
1485 2127 1636 2211 experiar

231 2228 317 2315 (ὢν
330 2228 468 2315 lle-Le).

335 2333 428 2413 Quae
457 2357 530 2398 cum
559 2337 603 2398 ita
633 2344 749 2417 essent,
782 2335 858 2400 mihi
886 2338 1032 2420 persuasi
1062 2345 1204 2401 oratores
1234 2338 1268 2399 in
1296 2335 1446 2401 clausulis
1473 2335 1635 2400 solvendis

231 2449 383 2505 accentus
406 2442 606 2524 grammatici
630 2442 786 2504 rationem
812 2440 975 2523 habuisse,
1006 2463 1110 2525 eaque
1141 2440 1182 2504 de
1213 2463 1311 2505 causa
1342 2440 1499 2505 clausulas
1528 2441 1634 2504 multis

231 2544 363 2630 syllabis
393 2545 548 2608 brevibus
579 2546 827 2630 comprehensas
858 2555 1012 2609 accentus
1042 2545 1160 2609 indicio
1190 2549 1222 2609 in
1254 2555 1404 2630 quattuor
1432 2545 1487 2610 illa
1513 2569 1634 2630 genera

232 2649 389 2730 distribui,
413 2650 512 2713 veluti
536 2671 608 2713 eam
632 2672 714 2735 quae
737 2649 855 2734 legitur
875 2649 951 2715 Sall.
968 2649 1039 2715 cat.
1059 2650 1146 2734 11,4
1169 2649 1314 2715 facinora
1336 2651 1444 2714 lacere
1467 2649 1633 2715 ditrochai-

232 2756 277 2818 cis
305 2752 498 2841 (obeo-be),
530 2778 611 2837 eam,
643 2778 726 2840 quae
755 2757 915 2840 reperitur
937 2753 1033 2839 Apul.
1056 2755 1133 2819 Met.
1154 2755 1231 2819 113
1260 2758 1303 2820 in.
1336 2767 1430 2819 etlam
1460 2763 1559 2838 socia,
1590 2754 1633 2818 di·

232 2859 414 2944 spondiacis
438 2858 716 2923 adnumerandam
740 2882 810 2924 esse
834 2861 1026 2924 existimavi.

337 2963 433 3044 Quod
453 2963 495 3026 ad
515 2963 637 3027 hiatum
658 2966 689 3028 in
705 2963 856 3028 clausulis
873 2964 1003 3028 obvium
1027 2965 1159 3048 adtinet,
1183 2963 1223 3028 G.
1240 2965 1358 3031 Wuest
1372 2988 1404 3050 p.
1423 2964 1462 3027 19
1478 2963 1569 3047 [245]
1585 2986 1631 3048 sq.

232 3071 429 3153 argumentis
453 3070 529 3132 satis
552 3069 652 3132 firmis
675 3069 864 3155 probavisse
887 3070 1017 3133 videtur
1041 3069 1178 3133 eandem
1205 3070 1310 3154 legem
1333 3069 1472 3133 valuisse
1494 3071 1527 3132 in
1551 3067 1633 3133 clau-

232 3173 308 3237 sulis
339 3183 435 3258 atque
466 3176 498 3237 in
527 3173 683 3258 versibus,
715 3183 750 3238 ut
780 3174 862 3238 binis
890 3174 1055 3239 vocahbus
1086 3173 1248 3239 hiantibus
1278 3177 1328 3238 vis
1358 3177 1492 3238 metrica
1519 3174 1633 3259 prioris

231 3277 466 3363 neglegeretur.
513 3280 676 3363 positionis
704 3289 811 3343 autem
838 3281 905 3343 vim
932 3280 1129 3344 servandam
1157 3303 1227 3343 esse
1259 3282 1368 3365 putavi
1398 3281 1483 3342 viros
1514 3277 1632 3360 doctoS,

232 3385 284 3467 qui
313 3382 354 3446 de
382 3383 530 3448 clausulis
558 3385 765 3468 scripserunt,
794 3394 923 3448 secutus
951 3407 1075 3466 omnes;
1107 3407 1189 3449 unus
1216 3394 1341 3449 tantum
1364 3382 1538 3448 Diomedes
1562 3405 1633 3447 eam

231 3488 466 3572 neglegendam
488 3511 558 3552 esse
579 3492 704 3553 censuit
723 3489 895 3554 discedens
916 3514 935 3553 a
955 3500 1134 3554 ceterorum
1154 3490 1318 3555 rhetorum
1339 3512 1412 3552 cum
1433 3489 1633 3554 Graecorum

232 3601 300 3656 tum
322 3593 511 3656 Latinorum
535 3596 725 3679 praeceptis.
773 3594 913 3680 denique
936 3595 974 3659 Ε.
996 3594 1145 3658 Muelleri
1170 3597 1360 3658 sententiam
1384 3593 1553 3679 amplexus
1577 3593 1631 3678 (cf.

232 3699 300 3761 eius
331 3697 405 3761 diss.
437 3721 468 3783 p.
485 3698 528 3760 42
544 3697 606 3784 sq.)
641 3701 805 3763 enuntiata
835 3700 1025 3764 brevissima
1055 3699 1143 3763 velut
1175 3693 1336 3777 ‘minime'‚
1371 3691 1510 3780 ‘nescio',
1545 3691 1634 3783 ‘quid

232 3801 326 3866 vultis
355 3795 512 3888 amplius',
544 3825 626 3887 quae
657 3806 689 3866 in
716 3803 873 3890 Apologia
904 3805 1162 3889 frequentissima
1191 3813 1275 3887 sunt,
1307 3803 1456 3868 clausulis
1486 3827 1549 3868 non
1580 3803 1633 3866 ad·

232 3909 409 3971 numeravi.
448 3929 487 3971 ac
508 3908 651 3971 similiter
671 3911 777 3972 omnia
798 3912 963 3974 enuntiata
978 3910 1118 3994 neglexi,
1140 3931 1223 3994 quae
1238 3911 1496 3994 interpunctione
1512 3913 1633 3973 minore

232 4033 330 4097 quam
352 4022 470 4096 puncto
495 4011 744 4096 distinguuntur.

337 4117 403 4182 Sed
425 4119 489 4180 iam
513 4116 672 4180 clausulas
694 4119 791 4202 ipsas,
815 4140 899 4202 quae
922 4120 955 4180 in
971 4117 1273 4203 Metamorphoseon
1295 4117 1385 4182 libris
1407 4117 1509 4182 tribus
1525 4119 1633 4203 priori-

232 4220 293 4285 bus
322 4220 473 4305 leguntur
503 4224 535 4284 in
566 4222 711 4286 ordinem
740 4223 890 4287 redactas
924 4246 1103 4309 proponam
1132 4223 1352 4309 tabulamque,
1387 4245 1450 4309 qua
1483 4225 1632 4304 rationeS,

233 4348 315 4411 quae
351 4327 435 4390 inter
471 4326 529 4392 hos
566 4327 664 4392 libros
703 4336 735 4392 et
774 4326 914 4414 reliquos
951 4327 1169 4410 intercedunt,
1215 4331 1356 4393 numeris
1398 4327 1633 4411 describantur,

232 4430 380 4498 adiciam.

234 4635 441 4646 u*-

336 4763 357 4830 ¹)
376 4765 408 4814 ef.
428 4765 524 4815 Christ.
537 4761 626 4813 Metr.²
644 4781 667 4828 p.
682 4765 724 4824 59,
742 4782 761 4814 s.
776 4767 816 4814 78.
