3542 5059
217 188 279 252 160

214 391 273 446 tur.
319 381 457 465 primum
478 388 585 443 autem
605 378 709 443 fontes
725 402 767 443 ex
783 378 899 466 quibus
920 378 1098 445 doctrinam
1118 380 1283 445 rhetorum
1298 381 1486 446 Latinorum
1505 390 1616 468 petere

214 507 392 570 possumus,
424 483 659 548 enumerandos
687 505 758 548 esse
787 493 873 571 puto.
920 487 1039 548 etenim
1066 484 1107 548 de
1136 487 1280 549 numeris
1310 487 1377 571 egit
1399 485 1512 550 Cicero
1543 485 1617 550 libri

214 592 269 676 qui
284 587 401 654 Orator
415 588 600 653 inscribitur
620 610 660 652 66.
677 588 717 652 57
732 611 790 675 sq,
809 588 848 653 77
863 611 945 675 sqq,
964 589 1034 674 149,
1054 589 1115 653 169
1132 589 1174 676 (c.
1191 589 1260 675 51),
1279 590 1446 654 itt-221
1466 601 1497 655 et
1512 593 1618 676 operis

214 694 299 780 6661
322 695 374 758 Ι)6
402 704 527 758 6161616
554 695 715 779 inscripsit
736 693 755 758 l.
773 694 823 758 III
846 716 870 758 s.
893 693 949 756 181
968 717 1014 780 sq.
1040 693 1256 774 Quintilianus
1279 705 1454 781 praecepta
1481 718 1540 760 sua
1563 717 1617 759 ex·

212 803 318 886 posuit
339 800 417 864 Inst.
442 821 486 863 or.
504 798 603 863 VIIII
626 797 656 879 4,
673 799 715 862 45
731 821 778 884 66.
810 798 978 862 Diomedis
1010 798 1188 864 doctrinam
1218 803 1399 885 expositam
1428 799 1529 864 babes
1558 798 1616 864 Gr.

213 905 285 969 Lat.
298 904 314 968 I
329 927 361 990 p.
374 903 438 968 465
451 925 509 988 sq,
533 903 712 967 Martianus
729 901 863 988 Capella
878 902 920 967 de
935 925 1069 967 numero
1085 906 1222 968 oratorio
1239 903 1389 969 disseruit
1406 904 1427 969 l.
1444 906 1475 969 V
1498 927 1539 968 ss.
1551 903 1615 967 517

216 1008 397 1093 6151966.
442 1016 613 1093 praeterea
641 1017 731 1072 extat
753 1006 849 1071 Marii
871 1007 954 1072 Ploti
981 1007 1023 1072 de
1050 1010 1218 1072 structuris
1246 1008 1417 1095 disputatio
1446 1007 1518 1095 (Gr.
1542 1008 1615 1072 Lat.

212 1115 261 1179 VI
283 1113 347 1176 492
363 1112 437 1198 sq),
460 1111 568 1177 Rufini
583 1111 666 1176 liber
682 1112 723 1176 16
740 1113 968 1198 compositione
986 1122 1017 1176 et
1032 1116 1142 1177 metris
1158 1123 1320 1178 oratorum
1337 1112 1427 1200 (ibid.
1445 1113 1493 1177 VI
1508 1112 1616 1177 565-

211 1218 275 1282 578
298 1218 350 1282 vel
374 1217 467 1281 Rhet.
489 1216 562 1281 Lat.
584 1217 662 1282 Min.
686 1240 717 1304 p.
739 1216 803 1282 575
819 1239 888 1303 sqq.
913 1217 980 1302 H.),
1011 1219 1127 1303 quibus
1158 1218 1309 1285 nonnulla
1339 1217 1466 1284 addidit
1494 1216 1615 1283 6161.

211 1325 324 1388 Victor
347 1321 454 1409 (Rhet.
472 1322 544 1386 Lat.
561 1322 639 1387 Min.
656 1345 687 1408 p.
704 1321 768 1386 433
785 1320 880 1408 sqq.).
920 1321 1082 1387 accedunt
1104 1322 1167 1388 duo
1189 1323 1371 1408 fragmenta
1393 1322 1465 1409 (Gr.
1481 1323 1554 1386 Lat.
1567 1322 1617 1386 VI

213 1428 274 1492 307
293 1451 338 1513 sq.
357 1425 481 1512 61327)
505 1436 537 1490 et
557 1435 654 1512 caput
676 1425 716 1490 de
740 1426 893 1512 qualitate
917 1435 1107 1510 structurae,
1131 1426 1217 1512 quod
1237 1427 1318 1491 libro
1333 1427 1502 1491 Diomedis
1524 1426 1617 1490 alteri

210 1533 361 1598 adsutum
384 1541 432 1595 661
454 1531 525 1618 (Gr.
543 1531 648 1596 Lat.I
670 1530 731 1594 471
750 1528 822 1617 sq).
868 1530 918 1594 his
945 1532 1042 1617 igitur
1065 1531 1205 1596 fontibus
1234 1555 1297 1597 non
1321 1531 1459 1597 eandem
1481 1533 1616 1595 auctori·

210 1646 310 1701 tatem
332 1636 537 1702 tribuendam
553 1657 624 1700 esse
647 1644 743 1720 patet.
790 1657 865 1700 nam
887 1636 910 1699 ii
932 1639 1114 1722 scriptores,
1138 1658 1218 1722 quos
1240 1646 1312 1722 post
1326 1638 1523 1702 Maitianum
1539 1658 1615 1700 enu-

212 1742 347 1822 meravi,
369 1749 425 1804 aut
439 1741 563 1803 ieiunas
580 1738 795 1803 clausularum
811 1741 1068 1806 enumerationes
1089 1739 1247 1826 praebent
1267 1750 1323 1806 aut
1342 1763 1400 1806 666
1415 1763 1434 1805 6
1450 1739 1615 1806 Ciceronis

212 1845 401 1925 Quintiliani
431 1843 599 1908 Diomedis
629 1842 717 1907 libris
753 1843 1017 1929 compilaverunt.
1062 1845 1225 1910 rhetorum
1257 1855 1365 1911 autem
1398 1847 1615 1910 recentiorum

210 1953 339 2037 scripta,
362 1951 394 2013 in
418 1948 533 2035 quibus
553 1951 698 2032 integrae
720 1946 847 2012 illorum
867 1952 1044 2014 sententiae
1067 1952 1222 2035 repetitae
1242 1953 1456 2037 reperiuntur,
1479 1949 1522 2014 ad
1546 1972 1616 2014 rem

210 2057 354 2121 criticam
375 2053 586 2118 factitandam
613 2053 743 2138 quidem
766 2052 900 2118 alicuius
922 2057 1074 2118 momenti
1098 2055 1211 2141 sunt,¹)
1241 2056 1299 2120 sed
1328 2055 1370 2120 ad
1393 2057 1615 2141 quaestionem

209 2163 312 2246 ipsam
339 2158 527 2224 solvendam
555 2157 732 2222 subsidium
761 2158 913 2223 adferunt
939 2159 1007 2222 fere
1035 2158 1167 2243 nullum,
1196 2162 1240 2225 ita
1267 2170 1301 2226 ut
1327 2163 1360 2225 in
1388 2159 1450 2224 bac
1472 2182 1508 2223 re
1531 2168 1614 2224 trac·

209 2265 309 2330 tanda
335 2265 429 2349 plane
457 2262 585 2348 neglegi
612 2266 743 2348 possint.
789 2265 853 2327 iam
882 2287 966 2349 quae
994 2273 1126 2347 restant,
1156 2266 1182 2328 si
1205 2264 1446 2349 perlegerimus,
1473 2265 1614 2329 invenie·

209 2391 280 2434 mus
309 2377 484 2454 praecepta
515 2390 597 2452 quae
629 2366 671 2432 ad
700 2369 790 2432 initia
821 2377 852 2431 et
882 2368 1005 2433 medias
1035 2378 1143 2454 partes
1174 2371 1326 2435 circuitus
1356 2371 1517 2455 pertinent
1543 2368 1613 2432 fere

151 2507 152 2510 ¹
210 2473 286 2538 data
309 2495 373 2537 non
396 2494 477 2551 esse,
501 2470 559 2536 sed
575 2471 720 2536 rhetores
742 2481 867 2536 tantum
891 2471 931 2536 de
948 2472 1097 2536 clausulis
1121 2495 1253 2538 numero
1276 2472 1416 2560 quodam
1431 2473 1613 2537 vinciendis

210 2578 408 2643 disseruisse.
455 2579 544 2640 cuius
564 2579 611 2640 rei
633 2599 762 2641 causam
782 2576 867 2640 bene
888 2576 1104 2662 explicavisse
1125 2577 1253 2642 videtur
1273 2578 1489 2659 Quintilianus
1512 2577 1612 2642 VIIII

207 2683 238 2766 4,
255 2682 297 2746 60
320 2681 368 2745 his
393 2681 514 2746 verbis:
543 2672 734 2745 ί1611616116
757 2679 876 2766 pedum
905 2683 938 2745 in
965 2683 1107 2745 oratione
1136 2692 1184 2746 661
1210 2682 1309 2748 multo
1337 2705 1434 2768 quam
1456 2685 1488 2746 in
1512 2703 1611 2746 versu

207 2786 380 2851 difficilior:
411 2789 559 2872 primum,
591 2784 677 2872 6661
700 2808 812 2850 661666
840 2788 952 2871 paucis
980 2789 1169 2870 continetur,
1199 2792 1297 2852 oratio
1325 2787 1484 2872 longiores
1511 2786 1611 2851 babet

206 2915 303 2978 saepe
327 2894 492 2974 circuitus3
517 2889 645 2974 deinde,
669 2889 755 2975 quod
770 2912 884 2954 versus
907 2913 1036 2976 semper
1058 2891 1169 2955 similis
1191 2891 1253 2956 sibi
1275 2901 1324 2957 661
1346 2902 1378 2956 61
1398 2915 1464 2956 666
1486 2895 1610 2956 1611666

207 2998 357 3081 decurrit,
386 2998 536 3060 orationis
564 2997 758 3080 compositio,
786 2996 847 3059 nisi
874 2998 966 3059 varia
994 3005 1051 3078 est,
1081 3005 1113 3060 et
1140 2996 1273 3060 offendit
1295 2996 1499 3061 similitudine
1523 3006 1555 3060 et
1577 2999 1610 3061 in

206 3103 409 3167 affectatione
444 3099 704 3186 deprehenditur.
752 3108 783 3164 et
816 3102 847 3164 in
883 3102 968 3164 omni
1003 3100 1134 3185 quidem
1168 3124 1302 3186 corpore
1335 3111 1464 3187 totoque
1497 3111 1532 3165 ut
1566 3103 1610 3167 ita

207 3207 343 3271 dixerim
376 3215 481 3270 tractu
515 3226 667 3268 numerus
697 3207 834 3269 insertus
869 3214 926 3269 est.
965 3193 1079 3290 'neque
1114 3207 1200 3270 enim
1233 3206 1319 3291 loqui
1349 3228 1518 3291 possumus
1548 3208 1609 3270 nisi

206 3310 338 3397 syllabis
365 3309 519 3374 brevibus
546 3331 585 3372 ac
612 3310 724 3392 longis,
753 3331 795 3372 ex
822 3309 940 3394 quibus
967 3309 1068 3395 pedes
1097 3310 1187 3374 fiunt.
1232 3312 1335 3395 magis
1361 3319 1470 3376 tamen
1497 3319 1529 3374 et
1555 3310 1609 3374 de-

206 3415 365 3480 sideratur
388 3416 421 3479 in
444 3413 594 3479 clausulis
618 3423 649 3477 et
672 3424 819 3500 apparet:
851 3416 1000 3499 primum,
1029 3417 1104 3500 quia
1127 3438 1240 3479 sensus
1268 3417 1370 3479 omnis
1393 3415 1492 3479 habet
1514 3437 1608 3478 suum

204 3522 302 3585 finem
317 3521 484 3606 poscitque
499 3518 646 3583 naturale
661 3518 875 3603 intervallum,
894 3542 956 3604 quo
972 3543 991 3583 a
1007 3523 1170 3604 sequentis
1184 3522 1272 3584 initio
1290 3519 1465 3603 dividatur3
1491 3519 1606 3584 deinde

205 3625 291 3711 quod
318 3647 412 3689 aures
441 3627 622 3690 continuam
648 3646 761 3688 vocem
788 3632 918 3688 secutae
948 3623 1130 3709 ductaeque
1158 3625 1248 3688 velut
1277 3647 1378 3710 prono
1409 3624 1607 3688 decurrentis

205 3733 353 3795 orationis
382 3729 513 3794 flumine
539 3739 608 3793 tum
635 3731 738 3813 magis
766 3727 921 3811 iudicant,
950 3751 1023 3792 cum
1052 3728 1103 3793 ille
1130 3732 1268 3814 impetus
1295 3731 1382 3792 stetit
1408 3738 1441 3792 et
1461 3728 1606 3793 intuendi

203 3845 330 3921 tempus
361 3834 459 3899 dedit.
505 3857 569 3899 non
600 3837 696 3918 igitur
726 3834 843 3896 durum
874 3835 915 3896 611
943 3856 1049 3918 66666
1080 3833 1264 3919 abruptum,
1299 3855 1362 3918 666
1392 3835 1489 3897 animi
1519 3831 1606 3896 velut

202 3943 364 4024 respirant
393 3962 431 4004 ac
461 3941 658 4004 reficiuntur.
704 3938 785 4003 baec
817 3947 864 4002 est
895 3939 989 4002 sedes
1019 3941 1168 4003 orationis
1200 3937 1261 4001 hoc
1291 3937 1418 4002 auditor
1445 3946 1604 4023 expectat,

202 4044 256 4108 hic
278 4046 348 4110 laus
372 4047 472 4109 omnis
496 4040 710 4129 declamat'2)
756 4066 820 4128 qua
844 4043 884 4106 16
909 4067 1008 4108 66666
1031 4047 1127 4111 etiam
1149 4045 1210 4107 viri
1234 4043 1319 4108 docti
1342 4065 1462 4125 omnes,
1487 4041 1603 4128 quide

203 4153 344 4214 numeris
367 4152 516 4215 orationis
539 4149 660 4214 solutae
684 4151 891 4236 scripserunt,
921 4149 961 4212 de
986 4149 1135 4213 clausulis
1163 4157 1288 4213 tantum
1310 4157 1446 4232 egerunt
1468 4154 1604 4231 excepto

203 4255 340 4320 Ernesto
363 4255 529 4340 Mueller0,
559 4257 613 4340 qui
641 4257 737 4320 etiam
765 4253 805 4318 de
828 4256 989 4319 initiorum
1012 4264 1043 4318 et
1066 4253 1279 4318 clausularum
1302 4254 1508 4340 responsione
1531 4273 1604 4314 non-

307 4535 328 4603 ¹)
348 4537 380 4588 cf.
394 4537 510 4587 Γ16611611
528 4539 598 4588 Η161.
616 4539 667 4588 1111.
687 4535 775 4589 Rom.⁵
794 4541 872 4602 §427
892 4539 952 4588 adn.
966 4539 990 4589 8.

305 4623 327 4691 2)
345 4625 446 4675 61016.
461 4625 581 4676 011921
604 4624 738 4676 clausulas
761 4632 850 4678 autem
874 4627 1030 4692 diligentius
1048 4624 1129 4674 etiam
1152 4623 1296 4674 servandas
1315 4639 1372 4673 esse
1395 4624 1508 4674 arbitror
1525 4637 1602 4687 quam

202 4714 347 4779 superiora,
366 4714 435 4779 quod
454 4715 483 4762 in
502 4715 540 4764 eis
558 4713 686 4779 perfectio
705 4719 732 4763 et
750 4714 883 4764 absolutio
900 4715 1034 4764 indicatur
1051 4717 1078 4762 61
1095 4728 1120 4777 6.
1132 4729 1153 4762 6.
